4738 5744
1095 357 1325 436 ...10-

443 591 476 661 5.
520 589 620 667 Quod
642 601 751 657 autem
773 589 920 656 diximus
948 586 1153 658 acioerone
1176 587 1358 656 Varronem
1386 586 1473 667 dici,
1502 607 1589 675 qnae
1615 609 1671 658 res
1698 583 1918 676 philosophas
1944 591 2120 680 hienippea

293 711 459 780 hilaritate
486 727 688 794 conspersas
715 709 751 774 in
773 707 907 806 &tucis
933 707 1125 795 scripsisset
1150 695 1288 776 easdem
1309 706 1504 793 philosopha
1525 709 1655 776 ratione
1683 710 1719 775 in
1741 709 2061 778 Laudatiouihus·et
2086 714 2121 780 in

294 829 535 918 Antiquitatum
558 827 714 914 proemiis
735 837 899 893 tractasse
927 825 1056 911 (mults
1080 827 1230 894 admixta
1259 861 1296 876 -
1326 844 1433 913 qnae
1460 827 1496 890 in
1517 828 1710 912 pmemtis),
1732 828 1766 894 id
1788 829 2120 899 reetiseiure'dictnm

293 967 382 1029 esse,
405 965 603 1034 quamquam
625 965 666 1012 ex
692 943 746 1024 iis,
766 965 854 1030 quae
874 965 976 1032 aspra
997 945 1163 1024 diximus,
1188 945 1274 1012 satis
1293 955 1419 1014 certon
1442 943 1574 1014 videtur
1591 963 1683 1024 esse,
1703 955 1814 1013 nmen
1841 945 2030 1014 iaciendum
2054 961 2119 1029 est,

293 1077 332 1132 ut
351 1066 513 1132 addendis
542 1063 720 1132 luculentis
748 1065 948 1166 quibusdam
975 1063 1138 1147 exemplis
1166 1061 1388 1130 confirmetur.
1433 1057 1516 1129 liam
1545 1065 1736 1163 gravissimi
1759 1065 1882 1151 quique
1910 1065 1975 1132 loci
1999 1067 2045 1132 de·
2062 1085 2117 1133 na·

293 1184 393 1251 tureli
412 1183 665 1269 philosophandi
686 1201 827 1267 generet
849 1183 892 1249 de
912 1193 1030 1249 natura
1051 1183 1207 1264 deorum
1229 1183 1272 1248 da
1290 1181 1435 1260 mundo,
1458 1182 1499 1246 de
1518 1181 1709 1263 elementis,
1739 1184 1781 1250 de
1809 1185 1937 1269 origiue
1961 1184 2120 1263 humane,

294 1303 337 1370 de
364 1300 611 1368 immortalitate
636 1299 757 1378 animi,
782 1319 869 1386 qnos
890 1301 925 1366 in
949 1301 1212 1386 Antiquitatibus
1229 1319 1342 1366 rernm
1364 1301 1569 1382 divinarum,
1590 1321 1693 1388 quum
1716 1302 1751 1367 in
1778 1299 1855 1368 silis
1874 1300 1970 1366 libris
1993 1315 2062 1367 tum
2084 1303 2118 1368 in

292 1421 464 1506 premiis,
486 1439 572 1507 qaae
594 1437 661 1485 uon
682 1437 883 1504 magnopere
904 1419 1074 1497 adversor,
1097 1419 1128 1482 si
1151 1419 1228 1504 quis
1248 1428 1379 1503 praeter
1400 1419 1526 1502 primos
1555 1437 1707 1507 quosque
1726 1419 1829 1486 iihrns
1857 1421 1958 1491 etiam
1977 1421 2118 1486 aliorum

291 1517 452 1608 libroruin
474 1557 534 1604 eas
554 1549 681 1622 partes,
702 1536 739 1602 in
760 1537 891 1624 quihus,
913 1546 952 1602 ut
973 1537 1186 1623 Augustinus
1206 1537 1270 1617 ait,
1295 1536 1404 1602 Varnn
1426 1537 1588 1604 derebus
1610 1535 1816 1623 pirilosophis
1836 1538 2118 1622 praelocutus

293 1671 358 1735 est,
379 1655 545 1743 appellata
566 1675 643 1722 esse
660 1655 761 1734 dicat,
782 1675 873 1722 nore
888 1653 1159 1740 philosophorum
1174 1673 1195 1720 a
1209 1653 1363 1722 Varrone
1377 1665 1536 1722 tractatos
1550 1673 1627 1722 esse
1641 1653 1877 1734 intelleximus,
1892 1657 1990 1723 iidem
2004 1675 2119 1724 recur-

235 1837 237 1840 .
294 1787 373 1841 runt
392 1773 584 1860 frequentes
604 1773 640 1840 iu
661 1773 806 1854 Saturis,
827 1793 894 1840 non
916 1773 1147 1840 desiderantur
1168 1774 1202 1840 in
1225 1773 1453 1859 nogismricis.
1482 1773 1589 1861 Cujus
1604 1775 1652 1840 rei
1674 1775 1805 1860 insigne
1819 1773 2052 1842 documentum
2067 1786 2120 1842 est

293 1894 324 1958 is
351 1892 454 1973 liber,
484 1911 580 1979 quem
605 1893 678 1978 jam
705 1911 809 1976 snpra
835 1892 1097 1971 nominavimus,
1128 1891 1180 1956 oui
1209 1891 1404 1976 inscriptum
1436 1889 1514 1957 fait:
1544 1891 1696 1971 Tubero,
1723 1894 1767 1960 de
1795 1893 1933 1978 Origine
1962 1893 2116 1961 hnmana.

294 2009 413 2085 sQnae
432 2010 634 2096 magmenta,
656 2011 848 2077 reconditae
869 2011 1075 2098 antiquitatis
1097 1983 1207 2094 piena,
1227 2010 1404 2075 emendata
1425 2021 1644 2097 cumquest
1664 2011 1753 2078 uotis
1773 2009 1939 2078 iiinstrsts
1959 2013 2001 2077 ad
2023 2012 2117 2078 editi·

292 2127 568 2196 onemhabemus
589 2137 740 2214 paratas,
761 2139 841 2196 sunt
859 2129 963 2194 rerba
984 2127 1215 2212 llaveroampii
1237 2127 1272 2192 iu
1288 2125 1375 2192 'lert
1400 2129 1463 2213 Ap.
1485 2149 1515 2213 p.
1536 2127 1593 2195 96.
1629 2104 1859 2214 Fragmentum
1881 2140 1990 2196 autem
2013 2129 2117 2216 hujus

292 2245 388 2324 iibri,
418 2248 506 2334 quod
531 2245 661 2314 Probus
690 2247 724 2312 in
748 2245 842 2333 Virg.
864 2245 920 2313 ho.
946 2245 1002 2326 vt,
1025 2245 1076 2312 et.
1101 2265 1176 2331 pag.
1198 2244 1272 2312 ent.
1296 2245 1462 2311 servarit:
1494 2257 1669 2334 »quattuor
1696 2247 1930 2314 elementorum
1949 2245 2039 2312 iacta
2060 2247 2117 2312 de·

172 2395 174 2402 ·
293 2365 450 2450 scriptio,
480 2365 522 2430 ad
550 2385 650 2451 qnam
678 2365 854 2450 imaginem
884 2363 993 2429 Varro
1021 2365 1144 2429 mundo
1173 2383 1274 2431 ovum
1301 2365 1505 2448 compararit
1532 2367 1567 2430 in
1588 2365 1807 2450 ¹ingirion-ico,
1842 2367 1896 2452 qai
1925 2365 2115 2431 inscribitur

196 2521 198 2530 ,
291 2481 425 2550 'labero
454 2481 495 2548 de
523 2484 651 2569 origine
679 2481 840 2564 humana,
870 2484 921 2550 sic
947 2483 1080 2549 diceus:
1111 2481 1239 2547 eoelum
1255 2493 1314 2550 est
1334 2493 1438 2561 testa,
1459 2483 1537 2547 item
1558 2481 1707 2549 vitellum
1737 2495 1826 2550 terra
1847 2487 1918 2568 (vg.
1940 2493 1977 2550 nt
1997 2488 2114 2567 terra),
2190 2519 2192 2524 ·

291 2599 380 2667 inter
405 2599 462 2666 ilia
484 2601 550 2668 dno
572 2602 708 2682 humor,
738 2601 835 2688 quasi
865 2602 900 2665 in
927 2601 1038 2666 sinum
1066 2599 1183 2664 clusus
1205 2601 1273 2665 aeri
1303 2603 1382 2685 (vg.
1414 2603 1510 2688 qussi
1540 2601 1639 2666 limae
1661 2601 1812 2667 inclusus
1833 2603 1923 2679 veri,
1951 2603 2038 2686 apud
2059 2601 2117 2666 Ju-

254 2808 257 2814 .
292 2719 383 2784 nintn
406 2719 637 2788 Aninradvers.
668 2719 802 2786 Gruterl
823 2717 1027 2805 Lampas'l'.
1052 2717 1108 2782 tv.
1132 2737 1186 2802 pg.
1208 2717 1291 2786 netu
1316 2717 1474 2802 lleinns),
1501 2719 1537 2783 in
1567 2739 1633 2806 qno
1661 2717 1764 2784 calor.
1809 2719 1844 2784 ln
1873 2720 1988 2785 eodeni
2018 2719 2117 2784 αἱιιιι

290 2833 376 2904 lihro
398 2835 506 2904 Varro
528 2840 783 2935 interpretatur,
810 2837 960 2904 vitalium
989 2835 1193 2920 appellatur,
1222 2835 1302 2922 quia
1330 2839 1455 2902 nutriat
1475 2836 1631 2914 vitalian,
1658 2845 1771 2921 aperte
1790 2839 1901 2916 docet,
1931 2837 2114 2904 Vononem

291 2957 452 3042 originem
473 2955 649 3025 humanam
671 2979 713 3024 ex
734 2957 851 3023 intime
871 2953 1014 3022 naturali
1037 2953 1247 3040 philosophia
1267 2957 1430 3039 repetisse
1451 2966 1484 3021 ot
1499 2956 1715 3039 disputationi
1730 2975 1813 3020 suae
1829 2955 1928 3020 simui
1951 2956 2119 3042 adjecisse

291 3073 508 3142 subtilissima
534 3077 778 3144 reconditarum
806 3093 916 3142 rerum
945 3074 1106 3140 examina.
1136 3072 1313 3138 'Fortasse
1343 3075 1442 3140 etiam
1473 3072 1688 3158 Xenophenis
1715 3074 1875 3139 memoria
1906 3093 1971 3138 non
2005 3073 2117 3141 aliena

289 3191 354 3258 lhit
373 3193 415 3258 ab
437 3192 501 3258 hoc
521 3191 625 3272 libro,
647 3195 812 3280 siquidem
834 3191 964 3258 Probus
985 3191 1007 3254 l.
1031 3169 1055 3254 ΙῘ
1084 3191 1192 3255 addit:
1222 3187 1459 3276 Xenophanem
1483 3191 1724 3277 Colophonium
1754 3189 1812 3275 (cs.
1844 3190 1992 3258 illacrnb.
2024 3191 2115 3258 Sem.

290 3309 346 3377 Sa
370 3309 470 3390 1,·14.
493 3333 524 3396 p.
548 3312 617 3395 73.)
640 3331 714 3377 cnm
735 3311 813 3377 aliis
834 3309 921 3378 binis
943 3313 1070 3376 tamem
1093 3307 1264 3392 principiis
1285 3309 1443 3374 mundum
1462 3310 1725 3388 discriminasse,
1755 3322 1842 3376 terra
1863 3321 1896 3376 et
1918 3331 2005 3397 aqna
2027 3313 2116 3393 (erat

292 3429 377 3494 enim
398 3428 570 3496 Maerobio
590 3441 677 3495 teste
698 3429 753 3497 hie
779 3447 853 3496 mos
876 3428 1059 3504 Varronis,
1081 3438 1118 3492 ut
1144 3425 1255 3493 allatis
1283 3428 1424 3494 aliorum
1453 3429 1627 3494 sententiis
1648 3439 1688 3495 ‘et
1709 3427 1880 3510 refutetis,
1902 3429 2016 3494 ultimo
2042 3427 2117 3492 loeo

257 3538 260 3546 ’
288 3565 383 3614 anem
405 3549 514 3632 ipsius
532 3552 716 3633 penemt.);
737 3559 771 3614 et
783 3546 1010 3631 Empedoclis,
1025 3562 1121 3632 quem
1137 3546 1340 3612 nominatam
1356 3547 1455 3612 video
1470 3567 1490 3612 a
1504 3545 1679 3614 Lactantio
1700 3547 1743 3613 de
1759 3547 1902 3630 opificio
1918 3547 1969 3612 dei
1991 3567 2022 3610 e.
2047 3546 2109 3625 17.,

288 3653 325 3730 in
339 3683 407 3751 qno
422 3664 507 3732 libro
522 3669 674 3753 equidem
689 3685 756 3732 uon
771 3667 899 3746 dubito,
915 3665 996 3752 quin
1010 3663 1113 3732 multa
1135 3662 1237 3752 hujus
1249 3663 1478 3731 iihri‘servata
1493 3667 1559 3732 sint
1574 3663 1769 3752 fragmenta,
1785 3685 1924 3753 quorum
1940 3665 2117 3750 quaedem,

290 3801 358 3850 non
381 3783 509 3864 omnia,
532 3783 617 3850 inter
638 3785 767 3850 incerta
791 3784 895 3850 relata
915 3783 1014 3848 video
1034 3803 1090 3869 pg.
1120 3781 1194 3850 380.
1218 3803 1269 3870 sq.
1291 3782 1381 3868 Rip,
1401 3781 1525 3862 velun,
1554 3785 1642 3869 quod
1669 3783 1691 3849 i.
1718 3783 1740 3854 l.
1762 3783 1894 3868 iegitur,
1918 3765 2047 3850 sVarrc
2069 3785 2116 3849 ita

291 3899 423 3968 definite
443 3901 555 3968 anima
574 3912 627 3968 est
647 3907 705 3969 aer
726 3913 907 3986 conceptus
927 3917 1006 3977 ore,
1033 3897 1277 3966 deservelactus
1299 3903 1334 3967 iu
1357 3899 1524 3986 pulmone,
1551 3910 1750 3985 temperatus
1771 3901 1806 3966 in
1828 3901 1940 3984 corde,
1967 3901 2112 3968 diffusus

290 4021 325 4086 iu
347 4039 470 4104 eorpus
490 4017 548 4103 (cl.
572 4020 608 4087 la
632 4019 668 4088 h.
686 4021 728 4102 V,
742 4019 795 4088 na
819 4017 909 4104 hips.
927 4015 1073 4102 Physioi.
1089 4017 1139 4084 st.
1156 4017 1209 4084 ΙΙΙ.
1230 4019 1309 4098 tirio.
1345 4019 1425 4086 Post
1445 4039 1531 4106 quae
1552 4019 1662 4084 statim
1684 4031 1887 4105 sequuntur:
1911 4038 1974 4082 auu
1993 4017 2116 4085 sinnhi

291 4140 368 4226 qpis
395 4137 517 4206 dixerit
543 4157 682 4205 sensnm
710 4157 786 4206 esse
814 4138 960 4218 coelusm
990 4147 1048 4203 aut
1075 4137 1234 4218 vitreum,
1263 4148 1301 4204 ut
1329 4136 1548 4222 Empedocles
1569 4137 1634 4218 ait,
1663 4143 1773 4204 aerem
1802 4137 2013 4224 glaciatums.
2064 4137 2118 4202 lix

292 4258 414 4344 quihus
434 4256 718 4344 intelligiturque
738 4257 911 4324 somotatis
931 4255 1067 4322 vinonio
1088 4275 1147 4337 ea,
1178 4275 1264 4344 quae
1294 4256 1401 4322 Varro
1431 4257 1472 4321 de
1500 4255 1630 4342 origiue
1651 4255 1794 4322 humana
1820 4255 2010 4338 proposuit,
2041 4271 2116 4320 oum

291 4373 334 4442 lis
355 4377 535 4464 conjuncta
554 4375 696 4454 luerint,
725 4391 811 4462 qnae
839 4374 882 4442 de
908 4375 1162 4442 nundinatum
1183 4387 1216 4440 et
1238 4375 1346 4458 ligura
1373 4373 1565 4458 deputasse
1587 4393 1661 4438 eum
1681 4371 1868 4458 fragmenta
1888 4371 2036 4456 ascripta
2060 4371 2117 4436 dn·

173 4583 177 4597 ,
292 4506 386 4574 cent·
398 4495 646 4564 Nobilissimam
661 4506 773 4563 autem
787 4494 901 4561 mnndi
916 4511 989 4561 oum
1004 4510 1070 4560 oro
1085 4493 1375 4579 comparationem,
1392 4492 1434 4558 de
1447 4511 1514 4578 qua
1528 4489 1659 4558 lunius.
1674 4491 1697 4558 l.
1710 4489 1733 4557 i.
1747 4501 1791 4572 et,
1805 4500 1844 4556 ut
1858 4489 1943 4557 alias
1959 4491 2117 4570 omittam,

291 4611 480 4686 Lobeckine
502 4614 577 4701 Agl.
600 4633 653 4700 pg.
675 4615 748 4682 tte.
772 4615 907 4700 copiose
927 4632 991 4678 nec
1012 4611 1176 4680 Varronis
1197 4611 1272 4676 loco
1294 4611 1467 4678 emendate
1487 4611 1636 4696 scripto,
1664 4625 1700 4674 ut
1720 4627 1785 4674 noe
1807 4609 1911 4676 verba
1932 4609 2116 4696 posuimus,

229 4807 237 4822 ι
291 4731 417 4798 omisso
439 4741 638 4814 tractarunt,
669 4731 775 4800 Varro
796 4736 896 4803 etium
917 4734 952 4798 in
973 4731 1056 4798 libro
1079 4732 1120 4798 de
1143 4730 1351 4808 Geometria,
1371 4731 1591 4819 geometricas
1615 4727 1764 4794 rationes
1785 4745 1952 4814 aequem,
1975 4745 2118 4813 pronun·

291 4848 388 4916 tinuit
408 4851 523 4915 verbis
544 4871 565 4918 a
586 4849 792 4919 Cassiodoro
813 4851 855 4916 de
877 4852 949 4917 Art.
980 4859 1013 4915 et
1033 4849 1115 4914 dise.
1145 4867 1172 4913 e.
1194 4849 1227 4915 ti.
1249 4869 1280 4934 p.
1302 4847 1376 4916 560.
1399 4849 1431 4914 h.
1454 4848 1598 4914 servatis
1624 4844 1696 4913 his':
1727 4847 1862 4912 »mundi
1885 4864 2018 4932 quoque
2038 4844 2121 4928 ligu-

217 4967 223 4974 ’
290 4989 361 5035 ιιιιιι
383 4967 632 5036 curiosissimus
653 4969 763 5040 Varro
791 4970 912 5060 longae
938 4960 1132 5036 rotunditati
1163 4967 1198 5032 in
1225 4967 1424 5054 geometriae
1460 4965 1875 5050 volumineoomperavit,
1903 4963 2042 5039 sormam
2068 4961 2118 5044 ip·

290 5088 364 5155 sius
392 5089 435 5156 ad
462 5089 520 5157 ovi
547 5088 794 5158 similitudinem
822 5089 976 5170 trahens,
1002 5087 1094 5173 qnod
1121 5087 1155 5153 iu
1184 5083 1358 5155 latitudine
1381 5085 1513 5172 quidem
1533 5067 1731 5163 rotundum,
1761 5085 1822 5149 sed
1851 5084 1885 5146 in
1913 5079 2121 5165 longitudine
