4738 5744
1028 283 1355 422 .·„„„

308 577 541 667 philosophia,
562 597 643 664 qua,
665 585 791 644 remota
820 557 1007 644 disserendi
1029 572 1226 661 disciplinis,
1251 586 1286 643 ut
1305 573 1442 642 moralis
1464 583 1497 642 et
1517 575 1680 644 naturalis
1700 575 1911 666 philosophia
1933 531 2145 650 continuatur

308 717 449 776 necasse
477 704 547 778 est,
577 713 717 784 quarum
745 693 906 780 potiorem
935 705 1016 780 puto
1045 683 1300 776 naturalem,
1330 695 1464 781 quando
1492 693 1750 781 hagrneutoruru
1771 698 1874 766 multo
1896 701 2068 785 copiosior
2089 701 2143 768 vla

309 827 450 882 natiuae
471 815 692 881 obscuritates
715 831 814 898 quam
834 812 932 880 locos
952 811 1239 899 philosophos
1267 813 1311 879 ad
1326 831 1437 878 mores
1457 823 1492 879 et
1512 814 1614 880 vitam
1635 825 1826 902 spectamus
1846 827 1976 884 matut.
2022 817 2142 888 Remo·

193 987 197 996 ,
308 933 420 1000 venda
441 943 550 999 autam
572 931 668 998 nobis
691 931 733 996 als
753 931 797 996 iis
820 933 923 998 verba
944 929 1159 1011 facientibus,
1183 949 1270 1018 qnae
1290 949 1332 996 ex
1352 929 1567 1016 philosophia
1595 932 1784 1000 adtuix'ta
1810 933 1918 1002 inisse
1945 938 2135 1017 videantur,

309 1051 419 1120 omnia
449 1071 509 1128 eu,
540 1050 660 1137 quihus
682 1049 771 1116 vitae
794 1069 877 1114 usur
898 1051 1101 1130 cummunis,
1131 1055 1190 1115 aut
1209 1049 1370 1128 historia,
1400 1060 1458 1116 aut
1486 1061 1575 1115 artas
1595 1051 1822 1136 explicantur,
1853 1055 2140 1148 commeadsntur-

310 1192 383 1258 que.
416 1169 481 1234 Cui
510 1168 693 1235 sentcntiae
714 1165 848 1252 egregae
869 1165 959 1233 lavet
979 1166 1076 1244 tuan,
1097 1168 1187 1254 quod
1208 1168 1325 1234 eodum
1345 1167 1523 1235 intimae
1544 1161 1776 1254 philosophiae
1797 1171 1931 1237 numine
1953 1173 2137 1240 naturalem

303 1285 546 1375 philosophiam
576 1287 697 1352 dictum
726 1285 825 1352 rideo
855 1283 897 1351 aie
924 1283 1010 1382 legg.
1040 1284 1078 1363 l.,
1098 1286 1130 1352 s.
1161 1285 1316 1371 „penitus
1335 1302 1380 1353 ex
1401 1286 1550 1352 intima
1569 1285 1780 1374 philosophia
1799 1287 2017 1358 hurieadaru
2039 1305 2139 1378 putas

301 1405 394 1494 juris
416 1405 659 1490 disciplinam,
684 1423 770 1492 quae
792 1403 895 1470 verba
916 1403 968 1470 sic
987 1403 1212 1489 explicantur,
1235 1413 1375 1472 „ustura
1390 1405 1481 1490 juris
1503 1441 1543 1454 -
1565 1403 1608 1471 ab
1629 1405 1772 1472 hmnluls
1792 1411 1974 1493 repetenda
1997 1422 2137 1478 uatum*

299 1523 342 1592 cl.
360 1543 389 1590 c.
407 1527 436 1587 7.
483 1523 535 1588 Ac
554 1541 597 1588 na
619 1516 695 1610 quis
717 1523 827 1588 minus
848 1521 993 1606 cogitate
1013 1521 1098 1588 haec
1111 1543 1133 1588 a
1147 1523 1305 1588 uobislta
1321 1523 1655 1610 acribiosissimum
1673 1519 1705 1590 in
1721 1527 1846 1592 suturis
1859 1525 2006 1605 fuorunt,
2023 1540 2061 1596 ut
2074 1549 2138 1615 epo
2250 1555 2252 1564 ¹

266 1709 269 1723 ,
302 1643 436 1731 quidem
448 1635 607 1718 arbitror,
617 1658 683 1706 non
695 1641 804 1706 miuus
816 1639 957 1706 ducendi
969 1641 1250 1728 quamderidanali
1265 1659 1380 1721 causa,
1393 1640 1457 1708 loci
1469 1637 1671 1726 pascimini,
1684 1643 1786 1710 veluti
1798 1645 1841 1710 ale
1851 1655 1972 1712 natura
1981 1645 2136 1730 hominis,

306 1761 348 1827 alc
363 1759 495 1862 animae
509 1757 751 1824 immortalitate
772 1758 888 1824 multis
901 1756 997 1840 locis,
1014 1761 1172 1826 derebus
1187 1759 1311 1826 (lirinis
1324 1756 1394 1826 iera
1407 1759 1575 1839 omnibns,
1590 1759 1633 1824 de
1648 1763 1817 1881 mysteria,
1830 1761 1873 1829 de
1887 1765 2023 1831 deorum
2038 1767 2137 1832 intar-

306 1879 494 1965 pretationc
516 1875 677 1962 physin,
701 1877 838 1964 dejure
860 1877 1052 1963 pontilicio,
1076 1879 1117 1944 ale
1140 1877 1262 1944 mundo
1282 1877 1397 1944 multis
1418 1876 1521 1960 locis,
1545 1878 1586 1944 ale
1608 1876 1729 1961 stellis,
1756 1880 1798 1946 de
1820 1883 1949 1948 musica
1970 1885 2136 1951 communi

184 2035 189 2046 ·
267 2081 269 2092 Υ
307 2008 341 2063 et
369 1995 519 2076 coelesti,
549 1995 615 2061 aba
643 1995 678 2060 id
705 2015 814 2083 genus
843 2013 943 2082 quam
970 1995 1133 2082 plurima,
1161 2015 1249 2082 quae
1276 1997 1508 2082 unusquisque
1535 1993 1721 2082 nagnam
1749 1997 1945 2066 Saturarum
1973 2002 2134 2082 lustrans,

306 2113 405 2182 t'ueila
433 2115 508 2200 ipse
535 2115 695 2198 reperict3
730 2113 1041 2181 decantatoribus
1068 2115 1268 2200 ¹q'aaibustiam
1296 2113 1383 2180 inira
1411 2113 1548 2182 dicmur.
1600 2113 1732 2182 interim
1759 2117 1923 2184 ridendas
1957 2117 2136 2200 Oeblarus,

269 2259 274 2266 ·
308 2235 365 2322 qui
389 2233 579 2318 complures
599 2251 655 2296 res
683 2231 717 2295 in
745 2229 871 2297 satana
897 2239 1056 2298 tractatas
1083 2233 1118 2296 in
1146 2248 1248 2298 unum
1277 2229 1430 2318 collegit,
1458 2251 1659 2320 quamquam
1686 2253 1729 2300 eo
1757 2235 1892 2315 mulne,
1920 2247 2065 2322 atquae
2091 2253 2135 2302 ex

307 2349 451 2417 naturali
481 2347 693 2450 philosophia
721 2351 909 2435 supersint,
939 2367 1068 2436 quaeve
1096 2371 1139 2415 ex
1166 2349 1283 2416 morali
1305 2369 1404 2435 aegre
1425 2352 1645 2436 perspiciatur
1665 2351 1686 2416 l.
1711 2351 1733 2417 l.
1755 2371 1786 2436 p.
1809 2354 1860 2420 lii.
1884 2347 1933 2440 sq.
1977 2353 2135 2420 Omnium

308 2471 452 2537 maxime
475 2477 582 2534 autem
604 2487 660 2534 res
683 2467 852 2534 naturales
872 2469 1139 2554 reconditasqae,
1161 2481 1198 2534 ut
1219 2488 1261 2534 ex
1276 2469 1390 2536 intima
1412 2467 1621 2556 philosophia
1642 2470 1775 2554 petitas,
1798 2491 1839 2537 eo
1861 2471 1993 2538 dicandi
2014 2487 2135 2557 pauore

221 2589 223 2598 '
307 2587 397 2675 quod
420 2585 660 2665 casaubonus,
682 2605 703 2652 a
726 2585 863 2672 Cynicis
885 2597 1018 2671 sumpto
1040 2585 1190 2665 nomine,
1213 2597 1304 2653 recta
1324 2587 1587 2668 unoodorsioaov
1606 2563 1769 2673 appellat,
1789 2589 1823 2653 iu
1846 2591 1970 2655 satana
1992 2587 2137 2676 scriptas

305 2701 431 2786 fuisse,
460 2715 493 2771 et
515 2714 563 2770 tot
583 2701 798 2791 reliquiarum
820 2703 954 2772 indiciis
976 2705 1172 2784 certissimis
1193 2705 1299 2784 lucet,
1327 2717 1458 2770 etcum
1480 2725 1600 2791 magno
1630 2705 1794 2772 Varronis
1822 2715 1856 2772 et
1884 2687 2057 2774 Ciceronis
2084 2705 2133 2774 is·

304 2823 477 2891 commodo
507 2843 527 2890 a
557 2822 663 2889 doctis
700 2821 810 2888 adhuc
844 2821 1126 2907 praetenuiasum.
1186 2822 1270 2888 Nam
1298 2822 1421 2910 quibus
1449 2821 1563 2889 verbis
1593 2821 1755 2890 Varronis
1784 2825 1893 2890 oratio
1920 2825 2009 2910 apud
2038 2822 2133 2892 otoc-

304 2963 419 3009 ronem
442 2940 620 3026 excipitur:
646 2952 765 3026 »atque
785 2941 859 3024 ipse
880 2934 1022 3005 variuni'
1038 2950 1073 3006 et
1101 2939 1239 3025 elegans
1260 2941 1347 3006 omni
1376 2939 1447 3007 iera
1474 2943 1613 3008 numeru
1642 2961 1759 3026 poema
1778 2939 1909 3019 fecisti,
1931 2941 2135 3027 philosophi·
2161 2953 2165 2960 “

303 3080 423 3146 amque
439 3053 508 3114 —s'
522 3077 563 3124 ea
584 3059 626 3124 ad
648 3055 738 3122 uliud
761 3075 894 3134 carmen
916 3057 1121 3142 deperditum
1144 3059 1299 3144 quemad
1320 3059 1380 3124 illa
1401 3071 1515 3126 vetera
1531 3057 1720 3144 Menippea,
1742 3058 1960 3139 „multimoda
1979 3079 2134 3127 numero·

302 3179 420 3246 sisare«
457 3175 603 3262 insignia
638 3173 776 3257 (Sidon.
808 3176 872 3262 llp.
903 3193 931 3240 c.
959 3175 1010 3242 23.
1040 3195 1072 3240 v.
1103 3176 1219 3258 150.)‚
1252 3176 1317 3240 nisi
1349 3177 1564 3274 menstruata
1595 3177 1683 3242 omui
1717 3175 1880 3242 metionis
1911 3178 2135 3246 concinnitate

300 3294 417 3364 referri
438 3313 506 3360 uon
526 3293 614 3361 licei.
659 3292 759 3370 Quod
780 3293 828 3360 ita
849 3311 926 3360 esse
946 3293 1107 3360 admoniti
1129 3291 1327 3380 quibusdam
1348 3303 1496 3359 veterum
1517 3295 1719 3362 testimoniis
1738 3313 1855 3361 omues
1870 3296 2134 3380 perspexissent,

301 3415 332 3480 si
360 3435 415 3480 res
445 3409 615 3480 naturales
643 3429 721 3479 esse
750 3406 810 3478 illa
838 3431 925 3498 quae
952 3431 994 3477 ex
1023 3411 1140 3477 intima
1168 3409 1375 3498 philosophia
1404 3413 1530 3498 petisse
1553 3413 1662 3480 Varro
1684 3411 1884 3506 whibemr,
1907 3415 2053 3481 ammata
2074 3414 2131 3480 arl-

301 3534 491 3597 vertissent.
542 3529 627 3598 Nam
659 3551 761 3616 quum
794 3529 912 3597 cicero
944 3530 1070 3598 saturis
1102 3531 1192 3597 dicat
1221 3531 1353 3596 multa
1384 3531 1573 3598 admixta
1602 3551 1701 3597 esse
1731 3551 1782 3596 ex
1813 3533 1963 3598 intima
1993 3531 2131 3618 philu-

303 3647 470 3732 sophia,
504 3649 534 3713 si
565 3647 649 3714 haec
679 3665 852 3734 magnam,
888 3667 928 3714 ne
961 3649 1067 3716 alicam
1095 3649 1273 3716 maximam
1301 3658 1429 3733 partem
1457 3664 1501 3715 ex
1528 3651 1644 3716 intima
1671 3649 1870 3716 naturalium
1899 3651 2131 3736 quaestionum

304 3765 488 3832 subtilitate
515 3765 618 3851 petita
643 3761 752 3830 luisse
779 3777 812 3829 et
836 3764 1010 3843 Varronis,
1032 3767 1098 3831 riri
1120 3768 1154 3830 in
1176 3769 1367 3850 quaerendo
1397 3767 1679 3848 asnbtillssimi,oe
1710 3769 2003 3864 „annosissimus
2028 3787 2131 3834 naeu·

306 3883 449 3951 tissima
486 3882 656 3968 ingenium
685 3879 823 3960 suadet,
857 3879 1043 3968 fragmenta
1071 3891 1290 3965 attestantur,
1322 3884 1411 3970 quoti
1441 3885 1572 3952 tandem
1607 3886 1847 3970 opportunius,
1873 3888 1965 3974 quod
2001 3879 2150 3978 linarias¹

303 4005 347 4086 ei,
371 4001 731 4089 quam'proposuimus
759 3999 944 4066 sententiae
973 4000 1132 4066 accedere
1160 4011 1269 4085 potest
1296 4001 1539 4082 testimonium,
1566 4021 1665 4090 quam
1685 4001 1769 4078 bauo
1791 4004 2008 4080 Quinctiliaai
2029 4005 2133 4072 verbu

235 4203 239 4213 ι
303 4121 467 4190 insitor.
491 4119 650 4198 l.,t,t.=
696 4117 787 4184 »Nec
807 4119 923 4205 ignara
945 4115 1173 4204 philosophiae
1195 4119 1426 4207 (grammatica
1445 4139 1523 4188 esse
1544 4125 1671 4208 potest)
1694 4142 1795 4211 quum
1817 4135 1949 4208 propter
1970 4120 2133 4204 plurimos

304 4241 339 4306 iu
368 4239 524 4306 omnibus
551 4227 853 4303 iare'carmiuibus
881 4237 975 4304 locos
1003 4257 1051 4303 ax
1078 4238 1227 4304 intima
1258 4227 1558 4326 quaestionum
1590 4239 1851 4308 naturalium
1883 4237 2132 4306 subtilitate

240 4449 244 4454 Ι
303 4359 481 4443 repetitos,
510 4368 580 4422 tum
603 4353 658 4421 vel
681 4366 813 4439 propter
834 4353 1064 4441 Empedoclem
1084 4357 1121 4423 iu
1143 4357 1299 4436 Graecia,
1325 4357 1554 4426 Varronem
1576 4369 1610 4426 ct
1631 4357 1820 4424 Lucretium
1840 4358 1877 4422 in
1898 4355 2039 4439 Latinis,
2061 4361 2131 4444 qai

305 4447 533 4563 praecepia
564 4473 812 4559 sapientiae
845 4459 1383 4542 versibus'trauiuarums
1435 4475 1548 4542 liabes
1580 4475 1799 4541 certissimam
1826 4475 2131 4561 interpretationes

305 4595 485 4660 verborum
513 4590 645 4660 illorum
675 4582 867 4674 Ciceronis,
897 4611 1038 4679 quorum
1056 4593 1215 4678 ipsorum
1249 4582 1408 4664 marona
1438 4591 1660 4678 Quinctiliaui
1693 4593 1777 4659 baec
1808 4595 1985 4662 scribentis
2019 4595 2132 4662 animo

303 4711 437 4779 ridetur
465 4729 542 4777 esso
569 4711 758 4779 obversata.
805 4709 1089 4786 »Quaestiouibus
1116 4712 1345 4781 naturalibus·
1375 4723 1484 4781 autem
1512 4712 1654 4800 subjecit
1686 4723 1884 4801 »praccepta
1914 4713 2130 4800 supinatae,-

300 4851 343 4900 us
371 4827 544 4897 moralium
567 4829 720 4897 locorum
746 4831 873 4898 saturis
901 4829 1001 4896 simul
1029 4831 1229 4900 intexturam
1257 4851 1397 4918 prorsus
1423 4831 1590 4898 omitteret
1608 4830 1817 4898 mentionem.
1861 4832 1932 4900 Nec
1957 4843 2131 4919 praetereo
2239 4809 2244 4820 ’

303 4947 469 5018 Luctantii
489 4939 735 5028 auctoritatem,
756 4949 787 5014 si
808 4969 874 5034 qua
895 4959 947 5016 est
967 4941 1005 5016 in¹
1023 4949 1097 5032 his,
1119 4949 1334 5024 Quinctiliaui
1356 4951 1474 5034 rerba,
1501 4961 1539 5014 ut
1558 4949 1709 5032 videtur,
1733 4952 1925 5036 usurpantis
1946 4951 2040 5016 lustt.
2061 4949 2129 5017 cliv.

278 5049 281 5056 ’
302 5060 363 5148 il,
385 5067 438 5137 ta.
483 5057 720 5153 aEmpe'iocles
742 5067 856 5154 (quem
877 5073 942 5135 stra
962 5087 1006 5134 ex
1027 5065 1192 5136 fleumatis
1212 5065 1425 5157 'l'rismegisti
1445 5067 1610 5155 sapientia
1630 5068 1787 5138 munisse
1806 5067 2008 5154 conjectat),
2025 5087 2134 5156 ¹quam
