4738 5744
1066 423 1307 498 ‚-2-

273 653 350 722 culo
372 653 551 718 arbitrarer
570 669 647 717 esse
669 651 855 737 conjuncta.
893 650 967 716 Non
990 650 1077 716 enim
1099 649 1272 716 dissimulo
1297 651 1366 716 lieri
1390 669 1508 736 posse,
1529 653 1560 718 si
1581 653 1648 720 duo
1670 653 1712 720 de
1733 617 1848 723 eadem
1871 678 1908 724 re
1929 659 2034 726 verba
2054 658 2104 726 la·

273 773 374 849 ciant,
395 783 432 836 ut
453 769 587 836 easdem
610 789 665 835 res
687 747 745 834 aut
766 771 851 834 inter
866 788 906 834 se
927 768 1055 832 similes
1070 770 1212 848 tradant,
1235 769 1295 833 sed
1317 768 1372 834 bic
1393 790 1448 834 res
1469 772 1603 836 easdem
1625 772 1742 838 iisdem
1764 793 1871 858 paene
1886 779 2000 844 verbis
2021 779 2103 844 scri·

272 905 348 976 ptas
369 889 478 954 video.
524 886 636 952 Veluti
658 907 717 963 ea,
747 887 870 972 quibus
892 887 1102 970 Augustinus
1124 887 1225 952 vitam
1248 886 1405 954 socialem
1428 907 1470 953 cx
1499 901 1607 954 mente
1637 889 1800 957 Varronis
1829 892 1861 958 it.
1889 915 1919 960 ι.
1945 893 2100 962 Antiochi

271 1003 447 1082 describit,
468 1004 577 1070 redire
598 1004 695 1069 vides
717 1006 750 1069 in
773 1004 827 1068 bis
850 1003 1021 1069 Ciceronis
1043 1003 1072 1089 §.
1095 1005 1168 1071 ile
1208 1003 1311 1069 »Nam
1334 1005 1441 1070 virtus
1464 1009 1609 1072 cernitur
1630 1009 1663 1073 in
1686 1009 1904 1094 quibusdam,
1927 1033 2013 1098 quae
2035 1032 2101 1079 uon

270 1131 337 1190 tum
360 1134 508 1202 naturae,
531 1141 628 1209 quam
652 1123 769 1187 beatae
786 1123 874 1188 vitae
890 1121 1049 1209 adjuncta
1070 1133 1156 1186 sunt.
1191 1121 1360 1188 Hominem
1383 1143 1459 1188 esse
1475 1126 1654 1190 censebunt
1670 1127 1766 1212 quasi
1791 1139 1916 1212 partem
1936 1131 2102 1215 quandam

268 1241 431 1320 civitatis,
455 1251 488 1305 et
510 1241 657 1306 universi
679 1241 812 1324 generis
834 1237 988 1320 humani,
1014 1257 1188 1326 eumque
1218 1259 1315 1305 esse
1344 1241 1615 1327 conjunctum
1642 1263 1731 1310 cum
1759 1243 2000 1312 bominibus
2027 1246 2098 1314 bu·

268 1380 386 1426 mana
407 1359 583 1443 quadam
605 1359 846 1423 societates
868 1359 1035 1441 (Augusta
1054 1367 1089 1422 ut
1111 1367 1190 1422 sunt
1210 1369 1381 1440 gentes,
1404 1378 1507 1444 quas
1529 1360 1566 1424 ei
1588 1363 1780 1428 societas
1801 1361 1981 1430 bumana
2003 1385 2099 1432 con·

263 1477 446 1564 jungit).
500 1474 673 1540 Simillimu
696 1485 775 1540 sunt
796 1475 895 1540 etiam
917 1495 1003 1560 quae
1027 1477 1237 1558 Augustinus
1259 1475 1301 1538 de
1322 1477 1444 1540 virtute
1468 1477 1584 1542 tradit:
1608 1479 1856 1562 veirtatem,
1881 1502 2003 1568 quam
2028 1485 2100 1550 do-

268 1596 408 1661 ctrina
430 1593 604 1669 inserit,
633 1592 751 1658 velut
779 1603 907 1658 artem
932 1591 1127 1670 vivendi,
1148 1612 1255 1677 quae
1277 1593 1317 1658 in
1346 1594 1511 1660 anima'e
1532 1595 1657 1660 bonis
1678 1609 1745 1662 est
1768 1597 2099 1666 excellentissi-

268 1733 370 1778 mum
393 1713 567 1776 bonurn«
592 1711 645 1776 bis
668 1709 838 1778 Ciceronis
859 1709 890 1798 ς.
912 1711 982 1778 to:
1005 1709 1120 1794 ,‚qnod
1143 1713 1252 1776 antem
1279 1711 1486 1792 absolutum,
1510 1711 1567 1792 (id
1590 1717 1658 1796 est)
1680 1714 1839 1794 uirtus,
1863 1718 1984 1803 quasi
2008 1737 2100 1803 per·

269 1827 403 1895 lectio
432 1838 630 1907 naturae,
660 1830 926 1914 omniumque
953 1847 1106 1906 rerum,
1130 1847 1233 1914 quas
1268 1819 1310 1894 ln
1332 1829 1485 1894 animis
1507 1841 1686 1913 portant,
1714 1853 1795 1898 una
1816 1853 1883 1900 res
1906 1837 2098 1918 optima.“

269 1945 382 2012 Voces
402 1947 462 2025 „id
478 1953 556 2012 est“
577 1959 613 2012 ut
635 1967 722 2033 quae
744 1947 874 2040 tutbent
895 1965 1024 2012 omnem
1040 1947 1238 2012 sententiam
1253 1947 1351 2012 uncis
1365 1945 1581 2024 inclusimns;
1598 1959 1720 2014 cartem
1737 1950 1892 2015 vivendi«
1908 1964 2016 2020 autem
2030 1955 2098 2020 Au·

267 2066 422 2153 gostinus
439 2065 757 2150 intcgrasenteutin,
772 2064 832 2129 sed
844 2063 974 2150 abjecto
986 2063 1150 2130 uocabulo
1170 2066 1304 2148 proprio
1325 2065 1471 2144 vocavit,
1490 2065 1580 2150 quod
1597 2064 1714 2132 Cicero
1735 2065 1986 2152 »perlectionem
2006 2084 2099 2137 natu·

267 2201 364 2264 raes3
385 2183 461 2248 item
473 2183 515 2248 de
528 2181 740 2248 »beatissima
752 2181 840 2248 vitas
852 2201 938 2267 quse
950 2182 1091 2267 August.
1109 2179 1210 2246 relert
1220 2181 1273 2260 iis,
1286 2201 1372 2268 quae
1383 2203 1437 2266 ap.
1453 2183 1647 2249 Ciceronem
1660 2204 1688 2250 c.
1704 2185 1736 2251 li.
1747 2183 1777 2272 §.
1789 2185 1840 2254 lb.
1857 2185 1913 2252 flu.
1930 2187 2100 2274 leguntur,

269 2301 365 2375 Quae
387 2301 568 2366 similitudo
590 2300 768 2385 quominus
796 2300 832 2366 in
853 2299 1007 2367 omnibus
1028 2299 1112 2364 locis
1134 2311 1289 2366 cernatur
1310 2301 1447 2385 impedit
1466 2301 1609 2389 insignis
1630 2302 1770 2384 levitas,
1799 2325 1865 2389 qua
1888 2305 2098 2390 Augustinus

244 2487 252 2502 ,
270 2419 433 2486 Varronis
447 2419 550 2486 verba
564 2418 749 2502 descripsit.
784 2415 878 2492 Quae
893 2417 982 2502 apud
998 2418 1191 2483 Ciceronem
1202 2418 1297 2505 justo
1312 2419 1430 2484 ordine
1446 2419 1607 2504 disposita
1622 2433 1712 2500 sunt,
1727 2419 1782 2486 bie
1802 2423 1898 2487 vides
1919 2425 2050 2490 turbata
2064 2435 2098 2491 ιι

269 2535 418 2606 confusa.
461 2535 508 2602 Ut
528 2557 642 2602 corum
669 2537 829 2602 bonorum
844 2555 931 2622 quac
952 2536 1139 2620 incorpore
1156 2538 1264 2621 posita
1284 2546 1363 2602 sunt
1376 2555 1499 2621 genera
1515 2539 1709 2622 permiscuit
1730 2539 1795 2604 sic:
1827 2541 1930 2606 „bene
1952 2561 2096 2620 currere,

269 2639 442 2742 pulchrum
465 2673 542 2720 esse
564 2673 723 2738 corporo,
751 2654 880 2719 viribus
908 2654 1097 2739 ingentibus
1120 2653 1333 2737 praevalere«
1363 2651 1404 2718 ci.
1429 2655 1547 2722 Cicero
1569 2655 1613 2741 d„
1639 2657 1702 2733 19,
1725 2669 1758 2720 et
1781 2661 1989 2741 partitionem
2011 2682 2118 2741 aaut..
2215 2735 2219 2742 ,

270 2793 336 2862 qua
359 2772 479 2838 »animi
499 2790 586 2857 quae
607 2783 722 2840 essent
741 2773 784 2838 ad
800 2771 1139 2856 comprehendendum
1155 2774 1309 2836 virtutem
1331 2772 1462 2852 idonea,
1486 2773 1520 2837 in
1541 2785 1692 2841 naturam
1714 2785 1748 2840 et
1763 2795 1872 2841 moras
1887 2777 2093 2844 diviserunt«

269 2903 401 2960 veteres
417 2891 622 2968 Academici,
643 2891 691 2956 ila
713 2890 871 2970 turbavit,
895 2900 932 2956 ut
953 2909 996 2954 ex
1016 2911 1057 2954 ιο
1080 2883 1168 2968 ioco,
1190 2891 1246 2977 qui
1268 2900 1338 2956 erat
1361 2889 1402 2956 da
1425 2902 1556 2971 natura,
1578 2893 1803 2958 memoriae
1824 2895 2026 2962 mentionem
2046 2893 2098 2964 lt·

269 3021 370 3088 reret,
392 3027 528 3076 mores
549 3010 723 3076 omitteret.
767 3007 866 3082 Quod
888 3008 1043 3073 damnum
1059 3007 1198 3074 fidenter
1218 3007 1379 3076 contnuo
1400 3007 1536 3074 aliunde
1557 3010 1603 3074 ita
1625 3009 1750 3092 expleri
1775 3031 1889 3094 posse,
1902 3025 1937 3075 ut
1959 3024 1992 3078 et
2015 3013 2097 3080 Var-

267 3129 361 3194 ronis
383 3139 416 3194 ιι
430 3126 602 3194 Ciceronis
621 3124 676 3192 his
696 3125 791 3192 libris
812 3125 890 3190 inde
911 3124 1035 3212 aliquid
1051 3127 1214 3190 commodi
1236 3127 1383 3192 accedat.
1422 3126 1614 3192 Macrobius
1634 3127 1721 3192 enim
1744 3129 1832 3214 quod
1849 3127 1930 3192 dicit
1952 3129 2022 3197 Sat.
2040 3129 2095 3209 lll,

266 3245 297 3314 8.
320 3267 352 3332 p.
375 3247 417 3312 iti
451 3242 524 3328 llip.
558 3243 688 3310 „Varro
711 3243 921 3308 demonibus
944 3264 1067 3308 nuorem
1089 3263 1166 3306 esse
1187 3243 1267 3308 dicit
1288 3243 1469 3330 injudicio
1491 3243 1637 3322 animi,
1658 3265 1774 3330 qncm
1804 3246 1928 3332 sequi
1951 3247 2096 3314 debeat

268 3363 585 3440 consuetudo«,
611 3361 645 3426 id
667 3361 745 3426 vide
767 3381 865 3449 quam
888 3362 1172 3428 bene·couveniat
1200 3381 1273 3426 cum
1295 3361 1356 3440 iis,
1379 3362 1500 3445 quibus
1523 3363 1641 3428 Cicero
1663 3361 1770 3428 locum
1792 3363 1835 3428 de
1857 3365 2022 3446 moribus,
2049 3367 2096 3434 ni·

267 3484 353 3548 miae
371 3481 523 3548 brevitati
545 3480 697 3560 studens,
722 3481 912 3566 perstringit
933 3479 961 3566 §.
976 3480 1019 3546 ιθ
1038 3479 1107 3546 bis:
1132 3479 1282 3544 „Morum
1304 3491 1413 3545 nutem
1437 3481 1595 3562 putabunt
1617 3481 1729 3548 studia
1751 3501 1839 3560 esse,
1853 3495 1886 3548 et
1900 3473 1997 3568 qulasi
2020 3504 2095 3551 con-

266 3602 492 3668 suetudinem:
508 3618 627 3686 quam
643 3599 760 3684 partim
779 3599 1118 3664 exercitationis
1137 3597 1410 3674 assiduitate,
1426 3599 1543 3680 partim
1559 3600 1725 3666 ratione
1746 3597 2015 3666 formabant·
2033 3602 2095 3686 lpi-

268 3731 322 3784 tur
343 3717 431 3802 quod
447 3716 556 3782 Varro
578 3717 680 3784 dixitt
705 3717 934 3784 „consuetudo
955 3717 1051 3802 sequi
1074 3717 1174 3784 debet
1194 3717 1377 3796 animum“,
1394 3717 1425 3780 id
1450 3716 1567 3784 Cicero
1582 3716 1751 3801 eleganter
1772 3717 1839 3784 sict
1885 3720 2096 3790 »Academici

185 3813 189 3828 ⁴
265 3835 538 3904 cousuetudinem
559 3835 687 3902 tatione
706 3829 924 3900 formabant«.
970 3833 1012 3898 Et
1032 3845 1070 3900 ιιι
1090 3855 1145 3900 res
1166 3835 1381 3914 conficiatur,
1411 3833 1574 3920 singulari
1595 3831 1752 3918 ¹[traiecto
1773 3855 1854 3900 caso
1883 3835 2006 3902 lactum
2028 3849 2092 3918 est,

263 3965 302 4024 ιιι
321 3954 420 4020 etiam
440 3952 545 4021 altera
566 3972 645 4039 pars
665 3951 858 4030 notationis,
872 3970 892 4016 a
907 3949 1078 4016 Macrobio
1099 3953 1346 4034 praetermissa,
1368 3971 1454 4038 quae
1476 3953 1663 4018 continetur
1677 3953 1808 4020 verbis:
1832 3973 1951 4040 squam
1972 3975 2094 4054 exer·

175 4139 179 4150 ,
265 4071 786 4156 citationis,ssstduitctc
813 4068 1042 4146 formabants,
1073 4068 1216 4136 Varroni
1237 4070 1330 4134 reddi
1359 4070 1477 4153 possit.
1528 4069 1615 4136 Ecca
1642 4071 1702 4136 tibi
1731 4069 1832 4149 baec,
1862 4072 1949 4156 quse
1976 4091 2093 4157 parop-

265 4203 405 4276 portuno
429 4183 571 4258 Servius
601 4187 694 4275 Virg.
717 4190 802 4258 Aeo.
829 4187 901 4276 vn,
930 4187 1003 4256 aot.
1034 4188 1199 4254 servavitt
1233 4185 1370 4253 »Varro
1398 4187 1470 4252 uult
1499 4208 1622 4254 morem
1652 4209 1859 4254 communem
1890 4207 2092 4259 consensum

265 4310 410 4376 omnium
433 4307 533 4379 simul
554 4306 793 4384 habitantium,
815 4307 871 4392 qui
902 4307 1172 4374 inveteratus
1199 4305 1556 4397 consuetudinem
1585 4305 1729 4372 tacita.
1768 4305 1958 4372 Macrobius
1981 4319 2091 4376 autem
2204 4395 2207 4400 Ι

265 4427 334 4494 noli
362 4427 530 4508 dubitare,
560 4427 642 4514 quin
670 4431 756 4512 quse
785 4423 969 4492 Varronem
1000 4427 1061 4490 ade
1090 4424 1258 4493 moribuss
1287 4431 1480 4492 tractantem
1511 4423 1638 4490 dixisse
1665 4424 1800 4500 scribit,
1829 4424 1864 4488 in
1902 4423 1969 4490 allo
1999 4424 2091 4492 nullo
2175 4463 2182 4474 ι
2210 4519 2219 4526 .

266 4563 362 4632 quant
384 4545 419 4611 in
439 4544 505 4612 boc
527 4546 589 4610 ade
612 4542 841 4629 philosophia«
864 4542 981 4629 legerit
1001 4543 1104 4623 libro,
1134 4564 1201 4628 quo
1222 4553 1354 4626 praeter
1375 4539 1464 4608 banc
1491 4543 1601 4626 ipsum
1623 4541 1754 4618 locum,
1782 4541 1838 4627 qui
1859 4555 1913 4606 est
1934 4543 1984 4609 de
2008 4545 2092 4622 (uita

192 4662 197 4679 '
267 4665 324 4746 ac)
347 4664 535 4730 moribus
556 4661 701 4732 tortasse
723 4660 816 4740 nibil,
839 4663 870 4728 is
891 4672 1002 4728 autern
1023 4661 1097 4728 sine
1118 4660 1324 4728 dubitatione
1344 4659 1508 4726 uberrime
1530 4669 1693 4738 tractatus
1713 4671 1793 4726 eret.
1821 4657 1960 4744 Deoua
1974 4680 2011 4729 re
2024 4679 2090 4726 nou

266 4789 330 4860 est,
353 4781 442 4866 quod
464 4782 602 4850 uerbum
622 4781 754 4862 addam,
777 4781 934 4868 quoniam
955 4781 990 4846 iu
1005 4789 1119 4865 aperto
1141 4791 1206 4858 est,
1221 4779 1381 4846 Macrobii
1403 4791 1436 4846 ιι
1455 4777 1565 4844 Servii
1580 4777 1806 4844 notationibus
1827 4777 1953 4862 expleri
1969 4779 2089 4846 seriem

264 4897 503 4966 sententiarum
523 4899 559 4964 in
578 4899 665 4966 libro
686 4900 728 4966 de
749 4898 960 4986 philosophia
982 4899 1236 4984 propositarum,
1259 4919 1357 4984 qnam
1381 4898 1610 4982 Augustinus,
1631 4897 1757 4964 omisso
1778 4895 1838 4962 illo
1859 4895 1951 4978 loco,
1971 4895 2028 4983 qui
2047 4897 2090 4966 dc

264 5019 416 5086 moribus
443 5026 535 5095 erut,
555 5017 742 5104 interrupit.
788 5019 952 5086 Addenda
971 5017 1073 5104 igitur
1093 5027 1172 5082 sunt
1193 5015 1272 5082 buic
1292 5017 1333 5080 de
1355 5013 1563 5101 philosophia
1583 5015 1670 5084 libro
1691 5013 1877 5101 fragmenta
1898 5019 2011 5088 notam
2031 5011 2089 5080 illa

266 5112 481 5208 ablacrobio
507 5145 540 5203 et
561 5133 700 5217 Seruio,
729 5147 763 5204 et
789 5135 908 5207 titulus
931 5136 1196 5214 »domatibus«,
1224 5133 1267 5202 de
1290 5153 1358 5220 quo
1384 5133 1536 5200 dubitare
1556 5134 1657 5202 video
1679 5133 1911 5213 liitscbeliun,
1935 5133 1998 5200 ade
2018 5151 2090 5200 mu·
