4738 5744
1135 388 1393 466 ...24-

349 623 416 708 ipsi
430 623 517 689 inter
530 639 568 689 se
577 620 774 708 junguntur.
796 617 921 686 Nostra
935 619 1116 705 disputatio
1130 595 1298 706 requierit
1319 617 1354 684 in
1368 613 1531 684 blaroisni
1545 613 1687 694 Saturae
1708 616 1808 705 enjus
1822 628 1947 704 partem
1961 620 2179 706 posteriorem

349 739 546 829 disciplinas
573 739 665 824 ipsas
693 737 916 805 continentem
946 736 1020 822 (lib.
1050 735 1088 803 ll.
1101 767 1104 774 ·
1118 771 1159 788 —
1189 735 1245 802 lli.
1268 735 1424 803 videlieet
1444 735 1615 816 liberales,
1638 735 1682 802 sd
1705 735 1966 823 „incorporalias
1990 749 2180 824 spectantes

349 859 427 926 illas
450 856 666 943 »disciplinae
687 857 852 943 eyeliease
874 855 904 944 §.
927 855 1002 926 998.
1024 856 1068 922 ih.
1092 853 1201 942 Kopp.
1218 851 1423 922 Ritsebelins
1445 853 1467 920 l.
1489 853 1512 921 l.
1534 852 1726 939 hieronym.
1748 854 1809 939 Ep.
1830 853 1885 924 aa.
1905 855 2034 926 Arnob.
2057 857 2108 940 11,
2122 860 2178 930 ω.

349 977 505 1064 Appulej.
522 977 630 1047 Herm.
651 973 752 1043 'l'rinn
775 999 806 1064 p.
827 976 902 1044 797.
925 975 1013 1062 liip,
1035 995 1110 1042 oum
1132 975 1255 1061 quibua
1275 974 1411 1064 totidem
1432 971 1627 1058 disciplinas
1640 973 1821 1058 augurales
1841 973 1955 1062 aliquo
1979 977 2078 1044 modo
2100 973 2179 1048 oon.

348 1097 460 1183 junge
480 1095 509 1181 p.
529 1095 603 1164 ser.
627 1095 702 1166 0011.
724 1095 816 1179 eon.)
837 1093 951 1162 mutos
973 1093 1058 1162 roes
1078 1095 1113 1160 τιι
1135 1093 1300 1160 varrone
1321 1075 1518 1160 adeoquo
1538 1092 1599 1160 nm
1618 1093 1811 1160 aerioma
1832 1113 1939 1180 nuper
1959 1094 2176 1178 aldoenus,

351 1215 445 1284 velot
472 1213 578 1282 lacem
607 1213 798 1300 praeferens
827 1216 862 1282 in
890 1213 954 1280 has
982 1232 1037 1280 res
1065 1212 1329 1298 inquirentibus,
1360 1213 1396 1280 in
1416 1211 1501 1278 libro
1522 1210 1565 1278 de
1587 1210 1749 1278 Varronis
1777 1212 1918 1299 diseipll.
1941 1215 2015 1302 jam
2038 1197 2178 1304 saepias

329 1335 486 1403 'laudato
508 1335 651 1419 aperuit,
674 1335 816 1420 priorem
839 1344 978 1419 partem,
1000 1343 1034 1398 at
1054 1330 1315 1418 elegantissimis
1343 1332 1506 1416 poematis
1526 1341 1560 1398 et
1580 1329 1756 1416 multiplici
1777 1331 1928 1400 doetrina
1948 1333 2178 1430 splendentem

350 1475 416 1521 nos
442 1455 543 1526 nobis
570 1454 774 1539 sumpsimus
802 1453 845 1520 ad
874 1427 1176 1539 pervestigandam,
1226 1449 1304 1526 Quo
1333 1462 1442 1520 antem
1469 1449 1547 1539 qnia
1573 1450 1779 1536 ingeniosior
1798 1461 1870 1530 est,
1899 1472 1941 1518 eo
1961 1455 2071 1522 rarius
2092 1457 2176 1542 ipsis

350 1573 465 1640 verbis
485 1571 562 1659 ejnr
582 1571 660 1653 viri,
683 1591 781 1659 quem
796 1583 964 1638 auctorem
978 1568 1090 1647 habet,
1112 1569 1232 1652 ntitnr3
1254 1570 1354 1635 etiam
1369 1567 1563 1636 biareianns
1577 1553 1788 1636 Varroniano
1802 1571 1963 1652 doetrina,
1983 1575 2063 1659 quin
2077 1577 2175 1650 etiam

354 1691 567 1758 Varroniano
593 1687 726 1776 eloquio
754 1691 909 1756 Satorum
936 1709 1033 1757 suam
1054 1688 1168 1756 rnultie
1196 1687 1281 1755 loeis
1309 1689 1503 1766 exornavit,
1534 1707 1654 1754 noman
1682 1689 1844 1758 Varronis
1871 1692 1982 1760 rarius
2011 1697 2177 1780 apposnit.

252 1784 256 1793 ι
354 1811 424 1879 Sed
445 1829 514 1876 nno
537 1809 614 1878 loeo
639 1809 698 1876 vix
720 1807 947 1877 dissimulavit
972 1807 1158 1876 Varronem
1179 1808 1334 1894 sarjon,
1363 1827 1462 1894 quam
1484 1807 1558 1892 lpse
1579 1817 1686 1890 tanat,
1716 1811 1898 1896 sapientire
1925 1823 2075 1880 secutum
2101 1835 2178 1882 asse

273 2010 277 2019 ι
355 1941 525 1998 auctorem
546 1927 575 2014 ξ.
596 1927 672 1998 578.
696 1927 830 2008 dioens,
853 1925 1092 2005 Παιδείαν,
1114 1925 1351 2012 Philosophiae
1371 1945 1582 2012 gamanam,
1602 1927 1662 1994 vir
1683 1931 1882 2017 cujusquam
1902 1932 1988 1998 inter
2009 1931 2178 2002 Romanos

264 2071 268 2080 ¹
354 2057 485 2136 praeter
507 2045 672 2113 Varronis
692 2045 794 2114 limen
816 2048 959 2112 intrasse
968 2093 980 2126 ,
1001 2046 1037 2112 in
1051 2065 1119 2131 qua
1137 2063 1281 2131 persona
1294 2044 1405 2112 minus
1421 2056 1511 2112 reete
1525 2045 1562 2114 G.
1576 2045 1612 2112 F.
1630 2046 1839 2116 llermannns
1855 2051 1957 2135 praei.
1975 2051 2009 2116 in
2025 2050 2126 2124 moe.
2143 2075 2174 2138 p,

353 2167 429 2234 XX.
453 2177 486 2232 et
509 2162 666 2232 illischel.
695 2165 718 2232 l.
748 2165 770 2232 1
798 2185 829 2250 p.
852 2163 883 2232 8.
929 2165 1211 2232 Geometriam
1238 2164 1419 2250 agnovisse
1447 2165 1511 2230 sibi
1540 2165 1608 2230 visi
1635 2180 1723 2233 sunt
1768 2168 1839 2240 Hoc
1865 2169 2042 2254 vestigium
2070 2179 2175 2240 secuti

352 2284 495 2371 singuiis
515 2283 677 2369 exemplis
694 2282 905 2351 Varroniano
918 2282 1023 2350 multa
1043 2283 1078 2348 in
1093 2282 1255 2381 Marciani
1275 2281 1371 2348 libris
1392 2281 1496 2348 latere
1518 2285 1818 2370 comprobavimus,
1840 2289 2028 2374 exquibus,
2051 2301 2087 2358 nt
2108 2314 2175 2361 nno

352 2379 472 2471 saltem
494 2401 646 2486 exemplo
668 2400 843 2488 defungar,
865 2403 974 2468 looum
996 2399 1159 2488 insignem
1180 2399 1283 2468 aliero
1297 2400 1354 2468 lib.
1371 2400 1409 2466 ll.
1425 2401 1455 2488 §.
1474 2403 1545 2475 110.
1562 2423 1634 2490 sqq.
1655 2425 1735 2490 qno,
1751 2407 1873 2493 quibos
1888 2408 1971 2474 coeli
1985 2411 2175 2496 regionibns

352 2521 477 2608 singull
505 2521 552 2587 dii
584 2519 752 2599 habitent,
785 2521 994 2590 deseribitnr.
1052 2519 1148 2596 Quae
1186 2522 1300 2587 omnia
1329 2519 1538 2588 Varroniano
1568 2541 1646 2588 esse
1677 2526 1888 2593 contentione
1920 2527 2071 2597 instituta
2100 2551 2176 2598 oum

352 2639 552 2709 Tertulliani
573 2650 607 2706 at
621 2640 804 2725 Augustini
826 2641 1055 2708 notationibus
1075 2638 1298 2725 intelligentes
1318 2637 1418 2706 iaeile
1438 2642 1650 2726 perspicient.
1687 2643 1734 2709 Ut
1754 2663 1841 2730 quae
1862 2647 1904 2714 de
1925 2648 2082 2716 semideis
2104 2651 2177 2718 sive

352 2761 548 2830 semoribus
575 2759 676 2826 tradit
702 2760 732 2846 §-
761 2759 832 2850 157.
860 2761 977 2827 iisdem
1005 2757 1076 2826 iere
1097 2757 1256 2826 adhibitis
1275 2758 1437 2846 exemplis
1457 2760 1623 2845 leguntur
1641 2781 1694 2848 ap.
1717 2761 1855 2832 'lertnll
1878 2767 1931 2832 ad.
1958 2767 2046 2834 Natt.
2071 2767 2122 2851 11,,
2145 2773 2175 2838 7.

206 2893 226 2982 γ’
354 2880 511 2948 Servium
534 2879 617 2945 ben.
642 2875 749 2960 vlit,
777 2879 949 2948 17115011.
972 2875 1111 2943 Tertull.
1133 2877 1176 2943 de
1197 2877 1307 2944 Anim.
1335 2897 1366 2948 ο.
1386 2877 1439 2948 16.
1460 2879 1583 2965 appui.
1612 2879 1653 2946 da
1682 2881 1861 2986 denhem.
1892 2905 1925 2969 p.
1947 2887 2040 2969 157,
2062 2899 2101 2955 ut
2121 2891 2178 2976 qui

356 3011 488 3086 praeter
508 2995 587 3064 illos
607 3017 629 3063 a
650 2995 822 3064 Marciano
843 2998 1057 3064 nominantur
1085 2993 1305 3064 Varronianis
1332 3007 1423 3066 reete
1450 2997 1632 3080 addantur,
1661 3001 1839 3087 inquibus
1866 3013 1920 3069 est
1945 3005 2093 3091 e'l’ages,
2123 3011 2179 3096 qni

353 3117 454 3201 ritum
475 3115 584 3202 gentis
606 3115 873 3200 simpuviumqoe
895 3115 956 3192 (ita
976 3115 1063 3182 enim
1092 3114 1305 3181 seribendum
1334 3136 1394 3201 pro
1423 3136 1651 3205 sypnnmqne3
1671 3119 1740 3184 vid.
1770 3121 1896 3186 Arnob.
1920 3119 1987 3200 tv,
2013 3123 2069 3205 31,
2099 3113 2179 3192 Var.

354 3235 445 3302 lectt.
461 3231 608 3299 llildebr.
631 3231 706 3300 ooli.
726 3231 845 3299 iuven.
867 3231 938 3299 Sat
955 3233 1012 3316 vl,
1034 3232 1108 3302 815.
1144 3232 1299 3301 Prodest.
1324 3231 1398 3300 Peri
1422 3235 1471 3302 St.
1495 3236 1532 3302 ll.
1554 3237 1648 3321 315.)
1664 3240 1953 3308 monsravitoe..-
1978 3241 2048 3310 Neo
2065 3263 2184 3332 repug-

355 3354 463 3434 nabo,
492 3351 522 3418 si
553 3351 629 3438 quis
657 3351 837 3419 admodum
864 3351 1026 3438 probabili
1055 3351 1249 3442 eonjeetnra
1277 3373 1362 3448 qnae
1391 3353 1583 3422 Marcianus
1612 3377 1652 3422 ex
1674 3357 1889 3426 Etruseorum
1918 3359 2096 3448 disciplina
2122 3383 2180 3430 eu·

357 3471 467 3562 gurali
489 3481 623 3562 sumpta
644 3471 744 3540 tradit
758 3471 814 3539 lib.
838 3471 861 3538 l.
883 3473 935 3543 lb.
949 3491 1022 3560 sqq.
1038 3472 1125 3541 lenta
1144 3471 1251 3542 inisse
1271 3472 1448 3542 contendat
1468 3473 1504 3541 iu
1520 3473 1683 3543 Varronis
1698 3478 1872 3566 Antiquitt.
1888 3499 1953 3548 rer.
1969 3481 2036 3547 div.
2051 3481 2107 3548 lib.
2123 3479 2177 3548 lll.

1039 3779 1492 3826 νήσωσι-*-

459 4171 653 4238 nucum
672 4185 699 4239 p.
714 4169 734 4223 1.
749 4169 765 4226 l.
779 4169 827 4226 hir
846 4170 1005 4242 plaouarlnn
1026 4191 1051 4245 p.
1064 4175 1089 4243 1,
1101 4175 1127 4231 5.
1146 4188 1217 4249 epta.
1235 4179 1273 4239 ib.
1288 4181 1326 4237 ll.
1341 4159 1562 4246 Ἀντιοχείαν.
1584 4203 1610 4258 p.
1623 4187 1649 4254 li,
1661 4188 1688 4244 5,
1705 4189 1861 4246 subtilitate.
1880 4192 1942 4262 ph,
1957 4191 1994 4247 lb.
2015 4191 2182 4256 Cleanthen.

563 4253 638 4324 pt,
658 4253 698 4308 15.
722 4256 765 4310 rui
786 4256 884 4326 justos.
917 4275 943 4329 p.
962 4257 988 4324 9,
1007 4259 1048 4315 li.
1072 4273 1213 4320 revocent.
1243 4267 1281 4328 lb.
1298 4268 1342 4332 28.
1365 4269 1450 4326 addit.
1480 4289 1507 4346 p.
1526 4271 1568 4340 11,
1586 4271 1629 4328 lh.
1652 4274 1826 4336 ineundllanr.
1855 4292 1881 4348 p.
1900 4273 1943 4345 12,
1958 4277 2000 4340 20.
2024 4279 2060 4340 ds
2076 4281 2180 4342 tiberis.

421 4395 426 4402 ,
561 4356 589 4416 p.
610 4337 836 4406 talavatiana
869 4361 897 4413 p.
919 4344 959 4412 lii,
977 4339 1019 4410 25.
1038 4348 1179 4428 perducis.

2339 4303 2342 4374 .

2340 4375 2342 4444 i
