4738 5744
275 665 353 732 mihi
375 663 417 729 ah
439 661 501 728 hac
523 671 618 746 parte
637 672 786 739 occurat,
807 661 943 739 diceus,
967 657 1163 742 Varronem,
1185 672 1223 726 ut
1244 662 1300 748 qui
1321 659 1556 746 Xenophanem
1579 661 1836 746 Colophonium,
1859 661 2027 730 Eleaticae
2048 663 2097 762 dig

274 781 434 866 sciplinac
463 780 665 866 principem,
695 790 892 865 sequeretur
919 779 971 844 his
1009 800 1062 864 ap.
1094 781 1318 865 angustinum
1349 779 1385 845 C.
1413 779 1456 844 D.
1487 778 1566 859 Vll,
1603 782 1646 846 tt.
1679 803 1708 864 p.
1739 783 1811 858 221.
1843 781 1916 866 Rip.
1948 783 2034 862 „sed
2059 791 2097 848 nt
2139 867 2145 876 Ι

274 897 499 986 Xenophanes
529 897 757 983 Colophonius
785 897 918 977 scribit,
948 899 1027 982 qnid
1058 908 1186 983 putem,
1216 918 1282 963 nou
1313 897 1390 984 quid
1414 899 1627 978 contendam,
1658 918 1789 982 ponam.
1834 897 1986 966 Hominis
2007 899 2094 966 enim

272 1030 335 1096 est,
359 1017 441 1082 haec
463 1017 602 1099 opinari,
624 1017 675 1082 dci
691 1017 817 1094 acire,“
832 1039 898 1084 nou
911 1015 959 1082 ita
972 1016 1114 1082 alienum
1131 1015 1236 1081 luisse
1255 1018 1360 1082 videri
1377 1018 1419 1082 ab
1434 1017 1602 1100 opinando
1623 1029 1656 1082 et
1671 1018 1864 1097 dubitando,
1885 1017 1949 1083 hcc
1969 1027 2096 1084 tantum

273 1137 388 1212 abest,
408 1147 445 1199 ut
473 1135 657 1200 rationibus
684 1137 768 1200 meis
796 1138 901 1215 obsit,
924 1146 961 1201 nt
982 1137 1115 1220 egregie
1136 1133 1345 1220 suffragetur.
1390 1134 1685 1236 NamxAcademioi
1707 1137 1789 1202 novi
1814 1137 1904 1220 quod
1930 1135 2096 1214 dicebant,

272 1253 355 1318 nihil
378 1269 477 1336 posse
498 1253 744 1336 comprehendi,
767 1253 1064 1338 „dtopedmoairuoa
1085 1248 1308 1338 respiratione.
1333 1242 1351 1316 ὃ
1374 1252 1411 1317 δὲ
1435 1251 1619 1328 Σκεπτικὸς
1633 1251 1832 1331 ἐνδέχεσθαι
1854 1261 1909 1319 καὶ
1930 1255 2096 1340 καταληφ-

256 1371 380 1455 θῆναί
398 1393 477 1434 τινα
497 1370 708 1460 προσδοκᾷ,“
732 1391 817 1458 quae
838 1382 917 1436 sunt
935 1370 1031 1462 ¹Senti
1055 1371 1210 1456 Empirici
1232 1371 1335 1435 vcrha
1357 1369 1472 1454 Pyrrh.
1498 1393 1527 1454 p.
1549 1373 1610 1447 603
1640 1383 1677 1435 ut
1701 1371 1826 1452 Varro,
1854 1371 2094 1458 Xenophanem

271 1491 349 1554 darn
370 1489 536 1565 laudaret,
558 1489 599 1552 de
620 1509 688 1575 qua
708 1509 745 1554 rc
766 1487 854 1554 inira
875 1491 1039 1575 quaedam
1061 1489 1225 1566 dicentur,
1247 1508 1313 1553 nou
1336 1497 1400 1553 tarn
1423 1501 1528 1553 semet
1551 1492 1658 1572 ipsum
1681 1487 1810 1575 fugisse
1829 1489 2018 1556 censendus
2037 1487 2092 1568 sit,

197 1596 204 1602 ’
271 1589 370 1692 guam
394 1607 601 1690 promovisse
623 1625 713 1685 earu,
744 1627 811 1692 qua
838 1609 1010 1674 tenebatur
1031 1605 1218 1673 subsilitate
1239 1618 1273 1671 et
1293 1605 1488 1671 assiduitate
1518 1608 1708 1692 quaerendi.
1760 1607 1864 1674 Recto
1893 1617 2002 1674 autem
2030 1627 2094 1672 nos

271 1725 313 1789 de
337 1700 489 1791 Varrone
509 1728 543 1789 iu
565 1745 605 1790 ea
627 1743 707 1807 prae
729 1726 848 1790 ceteris
871 1725 1100 1810 philosophiae
1123 1735 1216 1810 parte
1244 1743 1331 1808 quae
1352 1727 1423 1788 erat
1445 1727 1646 1804 denatura,
1676 1726 1718 1792 de
1734 1707 1823 1805 hita,
1854 1726 1895 1792 dc
1916 1727 2018 1792 rebus
2038 1745 2096 1791 cc·
2189 1762 2194 1771 f

271 1843 392 1920 cultis,
421 1862 462 1907 ea
482 1863 548 1927 qua
571 1842 715 1908 diximus
742 1844 882 1924 ratione,
905 1843 1096 1910 elaborante
1126 1844 1360 1927 pronuntiasse
1377 1842 1526 1926 jndicio,
1555 1855 1588 1907 et
1609 1853 1757 1908 veterum
1779 1845 1978 1928 scriptorum
2003 1844 2094 1909 testi·

271 1961 392 2024 moniis
421 1971 455 2024 ct
475 1961 559 2044 ipsis
586 1959 743 2026 librorum
768 1962 931 2027 Varronis
958 1961 1152 2047 fragmentis
1180 1960 1421 2044 comprobatur.
1467 1959 1513 2026 Ut
1537 1961 1600 2026 nisi
1632 1959 1842 2045 philosophia
1871 1960 2092 2040 Varroniano,

271 2079 465 2162 pracsertim
487 2079 643 2155 naturali,
665 2079 749 2144 bene
772 2089 945 2164 perspecta
966 2093 1000 2145 et
1020 2091 1174 2162 reparata
1194 2078 1320 2143 nullum
1350 2079 1532 2145 litterarum
1559 2077 1837 2145 Varronianarum
1865 2098 1972 2164 genus
1996 2099 2093 2150 ecca·

271 2207 342 2260 rate
371 2206 429 2260 eut
457 2195 595 2282 intelligi
626 2208 685 2261 aut
711 2196 870 2282 explicari
899 2217 1018 2282 posse,
1047 2215 1156 2263 meum
1185 2206 1274 2262 certe
1298 2197 1461 2284 judicium
1490 2199 1545 2264 sit.
1590 2197 1642 2263 De
1664 2217 1729 2284 qua
1756 2199 1948 2299 repensis,
1972 2196 2094 2266 attera
2154 2207 2158 2214 '

154 2353 158 2358 -
269 2314 455 2380 institutum
478 2325 639 2394 nostrum,
657 2315 728 2400 jam
753 2325 878 2399 agetur.

421 2431 452 2496 3.
498 2433 539 2497 Et
561 2435 700 2517 primurn
723 2433 858 2518 quidem
879 2434 920 2498 ad
942 2434 1189 2519 ingrediendam
1213 2436 1288 2522 ejus
1302 2435 1425 2526 studii,
1448 2436 1537 2522 quod
1559 2435 1671 2520 posuit
1692 2435 1727 2500 iu
1749 2433 1982 2520 amplificanda
2003 2453 2091 2501 cam·

269 2549 360 2612 muni
382 2548 569 2614 Stoicorum
592 2528 818 2634 philosophia,
840 2553 1020 2632 rationem,
1050 2554 1168 2620 dubito
1188 2575 1229 2620 an
1252 2553 1486 2638 gravissimum
1508 2551 1661 2618 habuerit
1688 2563 1854 2619 auctorem
1885 2551 2092 2630 Cleanthem,

268 2685 365 2748 quem
396 2667 490 2751 quaesi
520 2671 682 2754 majorum
711 2689 788 2733 ease
815 2653 962 2752 gentium
983 2671 1132 2738 Stoicum
1155 2671 1272 2738 Cicero
1295 2672 1387 2735 dtatt.
1433 2671 1485 2735 Ad
1510 2691 1608 2757 quarn
1632 2673 1859 2756 quaestionem
1882 2669 2033 2738 conferre
2054 2685 2093 2736 ss

268 2783 444 2861 dehebant,
466 2787 522 2870 qui
546 2785 587 2851 de
608 2785 661 2851 his
685 2786 847 2852 Varronis
862 2787 980 2853 litteris
1002 2789 1113 2855 dedita
1133 2809 1235 2874 opere
1256 2791 1470 2874 scripserunt.
1515 2790 1599 2854 Nam
1623 2788 1815 2856 Cleanthem
1837 2791 1872 2854 in
1892 2789 2092 2874 indagandis

267 2902 367 2966 rebus
379 2901 615 2967 occultissimis
627 2903 785 2968 hahuisse
798 2925 836 2969 se
847 2907 962 2970 ducem
976 2907 1048 2990 ipse
1059 2907 1232 2990 profitetur
1244 2909 1285 2972 de
1294 2907 1330 2972 h.
1344 2907 1381 2971 la.
1397 2906 1439 2988 V,
1452 2909 1482 2974 7.
1495 2905 1587 2973 Milli.
1613 2905 1720 2974 »Sunt
1733 2917 1876 2992 quatuor
1890 2907 2090 2991 explanandi

267 3015 416 3102 (verba)
445 3021 580 3104 godus.
626 3021 802 3086 intimus
832 3023 882 3099 is,
911 3043 977 3106 quo
1006 3024 1105 3089 etiam
1140 3025 1282 3109 populus
1315 3028 1404 3091 venit
1437 3061 1474 3074 -
1508 3025 1751 3103 Secundus,
1780 3043 1847 3109 quo
1876 3027 2091 3110 grammatica
2161 3073 2175 3080 -

211 3118 215 3130 ’
264 3138 416 3203 escendit
437 3139 584 3224 antiquat
608 3175 646 3188 -
671 3138 845 3205 Tertius
865 3141 1002 3224 gradus,
1026 3161 1092 3227 quo
1115 3141 1323 3229 philosophia
1344 3145 1529 3211 ascendens
1551 3141 1701 3226 pervehit
1723 3177 1773 3206 -.
1807 3141 1997 3217 Quartus
2019 3144 2091 3209 ubi
2216 3175 2221 3185 ·

265 3267 332 3318 cst
360 3256 505 3320 aditus
534 3257 580 3320 ad
611 3257 741 3322 iuitia
768 3250 904 3323 rerum
929 3261 998 3342 (vg.
1021 3261 1148 3345 regis):
1178 3283 1244 3347 qno
1266 3264 1296 3327 si
1318 3281 1384 3327 non
1407 3261 1617 3345 perveniam,
1641 3261 1812 3327 scientiam
1836 3261 1878 3326 ad
1900 3263 2089 3345 opinionem

264 3373 477 3456 aucupabor,
501 3373 589 3458 quod
612 3374 709 3438 etiarn
732 3375 766 3438 in
790 3373 899 3442 salute
920 3389 1036 3442 nostra
1055 3399 1295 3464 nonnunquam
1317 3379 1396 3445 lacit
1416 3381 1515 3466 quom
1538 3389 1748 3464 aegrotamus
1769 3380 1928 3446 medicus.
1959 3380 2089 3455 Quodsi

264 3510 431 3556 summurn
453 3491 594 3574 gradum
616 3509 683 3556 non
704 3493 863 3578 attigero,
894 3505 1002 3560 tamen
1024 3497 1208 3562 secundum
1231 3499 1436 3580 praeteribo,
1458 3498 1546 3583 quod
1568 3517 1636 3568 non
1657 3496 1767 3562 solunt
1789 3497 1832 3562 ad
1855 3497 2089 3581 Aristophanis

264 3605 431 3674 lucernam
453 3607 635 3675 sedetiam
657 3609 700 3676 ad
724 3610 899 3678 Cleanthis·
915 3612 1122 3679 lucubravi«
1168 3615 1204 3679 ln
1226 3611 1280 3680 his
1302 3617 1357 3701 qui
1382 3627 1554 3701 „quartum
1577 3613 1670 3680 illum
1692 3617 1844 3700 gratim,
1867 3615 1924 3680 ubi
1944 3625 1998 3680 est
2019 3616 2090 3681 adi·

265 3735 320 3790 tus
341 3727 384 3790 ad
405 3727 501 3792 initia
521 3746 651 3792 rerum·
674 3729 758 3794 artis
779 3733 1014 3814 grammaticae
1035 3731 1200 3816 quandam
1222 3747 1347 3816 partem
1370 3753 1445 3798 esse
1467 3742 1603 3816 putant,
1632 3732 1789 3797 videntur
1809 3751 1931 3798 errare.
1978 3731 2087 3800 Varro
2222 3801 2226 3818 ,

263 3843 363 3921 enim,
386 3863 487 3928 quum
508 3847 683 3910 verborum
705 3847 854 3932 origines
873 3865 916 3912 ex
938 3867 979 3913 eo
1002 3849 1200 3934 cognitionis
1221 3850 1339 3936 gradu,
1363 3851 1427 3937 qui.
1442 3852 1517 3935 ipsa
1540 3848 1747 3946 philosophia
1768 3849 1865 3916 altior
1886 3851 1949 3929 sit,
1978 3871 2017 3917 se
2037 3871 2087 3918 re·

262 3949 440 4046 petituram
462 3979 538 4025 esse
560 3964 736 4046 promittit,
767 3983 834 4029 non
863 3967 1141 4051 acquiescendum
1164 3985 1240 4033 esse
1266 3969 1346 4034 dicit
1366 3971 1580 4054 grammatico
1608 3969 1755 4052 origines
1778 3949 1964 4035 verborum*
1983 3969 2088 4052 expli·

263 4078 352 4148 canti
381 4097 489 4164 neque
518 4078 554 4142 iu
582 4083 747 4146 communi
777 4082 921 4148 omnium
951 4083 1120 4149 hominum
1151 4065 1411 4178 sensu‚'uequ'e
1433 4089 1467 4152 in
1487 4087 1703 4172 grammatica
1724 4088 1881 4172 antiqua,
1914 4107 2020 4172 neqtre
2051 4087 2085 4150 in

261 4194 472 4281 philosophia
493 4197 678 4274 communi3
701 4217 779 4264 esse
800 4200 889 4288 enirn
911 4199 1061 4266 altiorem
1086 4204 1248 4286 quendam
1271 4206 1472 4289 cognitionis
1493 4204 1644 4288 gradum,
1668 4205 1736 4284 uhi,
1760 4215 1797 4270 ut
1814 4205 1959 4270 omniurn
1975 4223 2085 4269 rerum

262 4315 374 4394 initia,
406 4316 451 4380 itu
474 4315 650 4380 verborum
674 4335 809 4401 quoque
830 4317 965 4400 reperiri
986 4318 1117 4398 possint
1134 4335 1260 4414 psas
1280 4322 1536 4387 occultissimae.
1578 4324 1629 4388 tid
1652 4343 1748 4408 quem
1772 4323 1923 4388 ultimum
1945 4323 2085 4406 gradum
2207 4361 2213 4368 -

261 4449 478 4496 escensurum
499 4451 537 4497 se
559 4445 672 4517 sperat
692 4435 850 4518 quoniam
869 4437 939 4500 ‘raon
962 4435 995 4499 in
1017 4439 1306 4521 grammaticorum
1330 4441 1587 4520 commentariis,
1604 4442 1662 4506 sed
1684 4442 1719 4505 iu
1735 4439 1906 4505 Cleanthis
1918 4422 2015 4506 ¹libris
2030 4459 2084 4506 aa·
2129 4449 2132 4459 '

260 4547 382 4613 siduus
403 4547 512 4616 luerit.
546 4549 592 4616 Ut
613 4551 723 4616 minus
745 4553 991 4618 consideratum
1014 4555 1059 4617 sit
1081 4553 1213 4621 llltilleri
1236 4555 1421 4642 judicium,
1452 4557 1643 4624 Cleanthem
1672 4557 1838 4622 monentis
1859 4557 1901 4622 iis
1930 4559 2085 4625 adnume-

224 4702 229 4713 ·
259 4666 400 4731 randum
425 4684 521 4745 esse,
543 4669 621 4751 qui,
643 4679 679 4732 ut
702 4667 911 4754 Chrysippus
933 4681 967 4733 et
988 4669 1176 4755 Diogenes,
1205 4693 1262 4738 res
1281 4677 1515 4778 grammaticas
1536 4677 1739 4759 scripserint.
1785 4675 1960 4756 Praeterea
1982 4677 2085 4762 philo·
2195 4721 2198 4728 ι

259 4781 414 4866 sophum,
436 4803 503 4849 non
524 4787 774 4870 grammaticum
797 4786 1032 4882 Cleanthem‘a
1057 4789 1207 4856 Varrone
1228 4793 1390 4859 nominari
1413 4793 1466 4858 vel
1488 4793 1575 4874 inde,
1599 4794 1688 4879 quod
1704 4792 1890 4880 Chrysippo
1906 4793 2084 4862 Cleanthes

258 4901 455 4987 opponitur,
483 4901 567 4966 satis
589 4913 713 4969 certum
734 4915 797 4972 est.
842 4908 952 4992 Atque
972 4927 1057 4992 quas
1079 4927 1121 4973 ex
1143 4921 1263 4996 qtrarto
1283 4911 1341 4977 illo
1361 4909 1561 4994 cognitionis
1583 4911 1689 4995 gradu
1711 4913 1945 4980 monstraverit
1967 4917 2083 4982 verbn-
2178 4899 2183 4904 ’

258 5037 331 5084 rtun
359 5019 529 5104 origines,
548 5039 608 5086 eas
629 5019 786 5105 physicas
807 5023 882 5090 illas
903 5026 1040 5091 deorum
1062 5027 1348 5112 interpretationes
1370 5037 1497 5093 tantmn
1519 5047 1587 5094 nou
1608 5048 1735 5110 omnes,
1759 5033 1877 5115 partim
1899 5053 1942 5102 cx
1967 5034 2083 5101 intima

258 5132 470 5224 philosophia
497 5139 616 5224 partim
645 5159 688 5206 ex
709 5140 784 5224 ipsa
805 5144 1036 5227 mysteriorum
1058 5163 1181 5212 arcana
1202 5145 1351 5214 doctriua
1371 5145 1547 5231 repetitas,
1579 5145 1615 5212 h.
1644 5146 1681 5215 h.
1706 5147 1750 5227 V,
1770 5150 1813 5217 ut
1835 5185 1875 5200 -
1898 5154 1965 5232 ih,
1991 5171 2082 5234 csso,
