4738 5744
1108 419 1160 436 ..
1213 381 1361 458 lg·-

320 595 430 703 lgnem
452 614 566 683 muudi
588 614 733 680 animum
755 612 852 690 iacit,
878 623 915 680 ut
936 611 1073 699 perinde
1093 611 1128 679 in
1150 610 1274 678 mmrdo
1296 611 1385 698 iguis
1405 609 1517 678 omnia
1536 611 1698 698 gubernet
1718 613 1807 680 sicut
1827 613 1959 680 animus
1980 615 2144 682 innubis.

322 736 425 822 Atqui
448 731 639 800 vanissime.
684 731 767 798 Nam
790 739 957 812 comest,
980 729 1107 816 iuquit,
1126 729 1161 797 iu
1182 729 1299 811 nouis,
1321 729 1386 814 ipsi
1407 747 1544 808 sumus,
1572 749 1647 796 cum
1668 730 1750 809 exit,
1770 731 1959 800 emorimur.
2003 731 2092 820 Ergo
2112 747 2147 800 et

321 854 422 939 ignis,
446 871 548 937 quum
570 849 611 916 de
631 850 753 916 mundo
774 869 834 935 per
854 847 989 936 fulgura
1010 847 1246 934 proficiscitur,
1264 847 1409 915 mundus
1429 847 1623 914 emoritur.‘'
1666 847 1763 924 Quae
1785 851 1901 930 verba,
1922 862 2083 937 usurpata
2103 856 2145 920 alr

322 971 451 1040 isidoro
476 967 590 1056 origg.
615 967 702 1046 vill,
723 967 757 1048 6,
779 969 831 1034 tl.
854 979 887 1034 et
908 967 1001 1034 Beda
1022 965 1163 1047 alicubi,
1186 967 1320 1034 dubium
1338 965 1409 1052 jam
1430 984 1497 1034 non
1525 973 1634 1050 potest
1660 985 1755 1048 esse,
1785 967 1818 1032 id
1848 969 1937 1056 quod
1964 969 2147 1038 Bitscheli'o

323 1089 459 1154 dubium
480 1085 559 1164 fuit,
588 1085 630 1152 de
653 1085 750 1152 Varr.
773 1084 928 1169 Discipll.
951 1107 982 1171 p.
1005 1086 1070 1166 tlt,
1094 1084 1175 1172 quin
1197 1085 1292 1171 primi
1315 1083 1513 1152 Divinarum
1541 1083 1629 1162 libri,
1656 1083 1803 1152 fortasse
1823 1089 1922 1152 etiam
1945 1085 2034 1154 XVl.
2057 1088 2145 1171 libri,

323 1205 499 1273 nonenim
522 1204 645 1290 liquet,
674 1202 870 1288 fragmentis
898 1204 976 1270 addi
1005 1204 1197 1270 debeantur.
1225 1202 1396 1290 venique
1426 1201 1604 1288 Augustini
1627 1205 1730 1270 verba
1749 1203 1906 1290 adjiciam
1928 1205 1984 1288 (G.
2008 1205 2050 1274 D.
2074 1207 2148 1286 Vll,

323 1326 372 1410 5.)
396 1323 542 1392 Stoicum
563 1303 632 1388 uon
655 1321 861 1388 Platonicam
877 1321 1041 1390 Varronis
1062 1321 1246 1389 doctrinam
1267 1319 1444 1407 perspicue
1461 1319 1693 1400 describentis,
1714 1342 1816 1408 quum
1838 1322 1948 1409 ipsum
1963 1321 2149 1394 Varronem

218 1485 231 1496 ,
325 1477 361 1494 -
387 1441 571 1508 delectatur
590 1441 679 1508 anim
700 1438 985 1526 hanapostrnplte
1009 1422 1252 1527 -alloquitur
1280 1439 1351 1508 hist
1382 1437 1530 1519 „Anima
1557 1437 1667 1507 tamen
1694 1451 1751 1508 tua
1779 1451 1845 1508 tam
1872 1441 1971 1508 docta
1998 1453 2032 1508 ct
2059 1444 2149 1548 iuge:

185 1589 193 1600 ·
323 1562 440 1636 niusa,
461 1545 519 1626 ubi
542 1569 574 1625 te
594 1557 734 1626 multum
753 1559 926 1638 dolemus,
949 1577 1008 1643 per
1028 1558 1111 1626 haec
1133 1557 1292 1644 mysteria
1313 1557 1546 1624 doctrinaa.ad
1569 1557 1666 1624 deum
1688 1577 1873 1637 summum,
1894 1560 1928 1625 id
1950 1571 2020 1640 est,
2042 1581 2063 1626 a
2084 1581 2149 1647 quo

324 1677 417 1744 iacta
443 1685 514 1755 ast,
542 1695 610 1744 uon
638 1695 713 1744 cnm
743 1697 809 1762 quo
838 1675 926 1744 iacta
953 1688 1025 1756 esta
1052 1697 1116 1744 nec
1143 1677 1241 1774 cujus
1268 1675 1395 1763 portio,
1423 1675 1484 1742 sed
1512 1677 1611 1763 cnjus
1639 1677 1785 1744 conditio
1813 1687 1882 1744 est:
1915 1697 1978 1746 neo
2008 1680 2066 1764 qui
2099 1691 2152 1746 est

326 1795 474 1862 omnium
491 1795 618 1872 anima,
639 1793 699 1861 sed
721 1795 777 1882 qui
800 1793 878 1862 lecit
898 1813 1028 1862 omnem
1049 1795 1192 1862 animam
1214 1831 1249 1846 -
1274 1793 1365 1860 nullo
1387 1795 1487 1862 modo
1508 1794 1615 1880 potuit
1635 1795 1846 1881 pervenire.“
1891 1796 1999 1872 Quam
2021 1797 2152 1864 laudem

325 1915 394 1982 elio
415 1913 490 1982 ioco
518 1912 575 1997 (G.
598 1911 639 1979 D.
662 1911 755 1991 xlx,
776 1915 848 1999 22.)
874 1933 989 1998 parum
1011 1911 1134 1995 abluit,
1165 1914 1246 2000 quin
1275 1915 1347 2000 ipse
1370 1907 1581 2000 Augustiana
1608 1914 1640 1980 ei
1669 1914 1866 1980 concederet
1891 1916 2027 1986 dicensi
2051 1917 2152 2002 „lpse

327 2035 412 2102 dena
444 2043 497 2100 est
527 2031 698 2119 (verus),
728 2051 827 2118 quem
860 2031 1078 2100 doctissimus
1111 2031 1333 2100 Romanorum
1368 2032 1475 2098 Varro
1506 2028 1625 2098 iovem
1655 2041 1767 2116 putat,
1800 2035 1954 2122 quamvis
1987 2038 2153 2114 nesciens,

329 2154 407 2241 quid
430 2153 626 2237 loquatur.“
651 2181 689 2200 ¹·-

482 2269 533 2337 Ex
560 2269 604 2336 iis
634 2283 722 2355 qnae
743 2266 917 2355 hucusque
938 2269 1182 2354 disputavimus
1209 2267 1424 2354 intelligitur,
1452 2269 1488 2333 in
1510 2269 1679 2353 pmocmio
1701 2269 1942 2354 Antiquitamm
1960 2222 2153 2337 xdivinarum
2182 2227 2186 2244 ἢ

328 2409 384 2456 res
404 2408 448 2456 ax
470 2387 614 2454 maxime
634 2386 816 2454 reconditis
838 2385 1037 2454 naturalium
1059 2407 1169 2452 mrum
1191 2387 1295 2454 initiis
1317 2386 1457 2472 petitus,
1485 2405 1611 2474 easque
1638 2405 1706 2452 non
1735 2397 1771 2451 ut
1798 2387 1833 2454 in
1862 2389 1986 2454 saturis
2007 2388 2153 2454 rrrocdo·

327 2508 473 2588 γελοίως,
495 2507 555 2572 sed
576 2515 615 2572 ut
634 2505 669 2572 in
690 2503 786 2572 libris
808 2505 1027 2592 Logistoricis
1047 2514 1195 2572 moreat
1216 2507 1315 2596 modo
1337 2503 1611 2592 philosophorum
1632 2502 1739 2571 inisse
1761 2504 1916 2589 scriptas.
1945 2505 2033 2582 Quid
2055 2507 2154 2594 igitur

324 2625 396 2712 jam
419 2625 462 2693 de
483 2624 653 2710 prooemio
674 2623 919 2710 Antiquitatum
947 2623 1164 2692 humanarum
1192 2623 1401 2690 statuemusi
1446 2623 1523 2708 lpse
1544 2624 1632 2703 olim,
1655 2621 1865 2708 perlustratis
1892 2624 1936 2690 iis
1963 2623 2156 2712 fragmentis

331 2763 417 2830 qnae
438 2741 505 2810 lruc
524 2741 690 2828 pertinere
710 2743 920 2822 viderentur,
949 2761 1075 2810 memor
1103 2741 1263 2828 prooemii
1286 2739 1483 2808 Divinarum
1503 2740 1749 2808 occultissimas
1777 2741 1820 2807 de
1840 2741 1972 2810 animae
1993 2743 2157 2810 humanae

330 2874 449 2930 natura
477 2860 721 2948 disputationes
750 2861 970 2938 continentis,
997 2880 1071 2928 eam
1099 2861 1209 2928 auimo
1231 2857 1405 2928 informavi
1427 2861 1636 2945 opinionem,
1667 2859 1810 2926 Oeltlcro
1832 2879 1949 2946 pamm
1972 2863 2156 2944 probatam,
2214 2937 2227 2956 q

318 2990 369 3053 ‚nt
392 2979 575 3048 Varronem
597 2981 633 3046 in
655 2981 826 3086 prooemio
849 2977 1074 3048 Humanarum
1101 2998 1170 3044 nun
1197 2981 1308 3046 miuus
1336 2980 1469 3046 curiose
1497 2989 1528 3044 et
1550 2978 1716 3044 subtiliter
1737 2979 1779 3044 de
1800 2981 1952 3064 eorporis
1971 2981 2156 3046 admirabili

329 3099 365 3164 vi
387 3117 428 3163 ac
450 3109 569 3164 natura
590 3095 787 3184 philosopha
807 3097 936 3164 ratione
957 3089 1272 3184 (ἂνθρωπολόγως)
1293 3097 1405 3182 egisse
1426 3099 1659 3164 existimarem
1705 3097 1768 3163 Cui
1790 3099 1975 3165 sententiae
1996 3117 2038 3164 ne
2058 3097 2156 3164 hodie

334 3217 467 3303 quidem
498 3215 629 3282 iteratis
660 3216 751 3282 curis
779 3213 886 3282 habeo
918 3233 1004 3302 quas
1032 3212 1203 3282 demaham
1231 3223 1290 3280 aut
1317 3215 1447 3280 addam.
1492 3214 1606 3301 ltaque
1637 3215 1667 3280 si
1700 3216 1758 3302 qui
1789 3227 1869 3282 aunt
1901 3215 2015 3282 irarum
2048 3235 2157 3284 rerum

186 3362 191 3368 ·
332 3333 488 3436 studiosi,
510 3334 646 3402 videant
667 3332 849 3400 Comment.
872 3333 914 3400 de
937 3331 1032 3400 Varr.
1056 3332 1192 3420 Antiqq.
1215 3351 1246 3418 p.
1271 3331 1321 3400 lii.
1346 3369 1382 3380 -
1407 3335 1441 3417 *)
1492 3354 1503 3386 x

487 3451 555 3518 Sed
585 3469 641 3518 res
664 3451 737 3538 jam
765 3471 806 3517 eo
837 3471 896 3536 per
923 3452 1022 3518 ducta
1049 3461 1120 3529 est,
1149 3461 1186 3516 ut
1214 3471 1288 3518 meo
1312 3451 1440 3538 judicic
1466 3451 1508 3514 de
1531 3449 1703 3518 Ciceronis
1725 3451 1798 3520 loco
1821 3453 2042 3538 pronuntiem.
2089 3450 2159 3517 lloc
2192 3505 2196 3511 .

335 3583 445 3638 autem
473 3569 681 3638 intellexisse
710 3567 789 3634 mihi
820 3571 953 3651 videor,
983 3569 1083 3656 quod
1101 3569 1219 3638 Cicero
1247 3571 1288 3634 de
1319 3568 1482 3636 Varronis
1508 3569 1605 3636 libris
1634 3569 1841 3655 philosophis
1858 3573 2006 3656 judicat,
2034 3570 2158 3654 optime

338 3689 516 3754 convenire
544 3709 617 3756 cnm
647 3689 711 3765 iis,
740 3708 827 3775 quae
860 3709 962 3774 quum
991 3688 1126 3754 aliunde
1154 3700 1224 3754 tum
1253 3708 1296 3752 ex
1324 3687 1408 3773 ipsis
1438 3687 1597 3754 librorum
1626 3689 1869 3773 deperditarum
1899 3687 2094 3774 fragmentis
2120 3689 2161 3752 de

336 3806 488 3873 Varrone
510 3803 740 3890 philosophiae
761 3807 1009 3872 studiosissimo
1031 3807 1224 3872 edocemur:
1249 3805 1433 3872 Varronem
1452 3809 1602 3874 studium·
1614 3805 1856 3892 philosophiae,
1878 3809 1967 3894 quod
1984 3809 2162 3874 maximum

336 3937 370 3992 et
391 3923 549 4009 optimum
564 3941 684 3990 munus
706 3941 726 3986 a
749 3922 815 3987 diis
836 3921 961 3988 homiui
985 3923 1096 3988 datum
1118 3943 1194 3988 essa
1215 3923 1438 4010 profiteretur,
1460 3926 1527 3990 sibi
1550 3928 1613 4010 ipsi
1636 3927 1821 4011 sumpsisse
1836 3928 1878 3992 ad
1895 3927 2162 4013 perdiscendum,

338 4045 382 4112 ad
410 4042 622 4110 scribendum
651 4077 689 4090 -
719 4051 820 4127 atqua
847 4039 925 4106 hinc
951 4043 1166 4126 agnoscimus
1194 4041 1302 4107 virum
1332 4041 1454 4108 virtute
1477 4041 1628 4108 Romana
1651 4045 1834 4129 praeditum
1865 4083 1901 4094 -
1931 4047 1996 4112 sibi
2018 4045 2162 4130 elegisse

335 4183 391 4230 res
413 4161 598 4240 Romanas,
629 4179 714 4245 quaa
742 4171 818 4244 post
840 4159 928 4225 Aelii
949 4160 1072 4227 obitam
1095 4161 1179 4244 (vid.
1203 4159 1368 4245 Suringar
1391 4159 1475 4226 illst.
1498 4163 1568 4244 crit.
1593 4161 1705 4230 Soloi.
1729 4163 1768 4228 T.
1793 4163 1818 4239 l,
1842 4185 1872 4247 p.
1896 4163 1946 4226 di.
1969 4173 2003 4228 et
2027 4162 2162 4228 lleusda

339 4283 380 4347 de
404 4282 498 4348 Aelio
521 4277 650 4344 Stilone
673 4297 704 4361 p.
728 4277 805 4363 50.)
834 4297 931 4347 nemo
954 4279 1097 4346 doceret.
1143 4278 1178 4345 ln
1207 4279 1250 4346 iis
1278 4277 1395 4346 litteris
1417 4291 1525 4346 autem
1550 4280 1734 4348 Varronem
1758 4281 1891 4345 minime
1912 4297 1932 4344 a
1955 4277 2164 4366 philosophia

449 4512 473 4582 ⁸)
492 4515 582 4572 linitis
610 4516 680 4572 locis
711 4513 826 4578 edoctus
855 4515 882 4570 in
910 4515 1041 4570 liltrormn
1069 4517 1152 4570 titud·
1182 4523 1209 4570 et
1231 4515 1259 4570 in
1284 4517 1401 4570 numeris
1425 4518 1523 4598 <cnjus
1545 4517 1587 4570 rai
1604 4517 1710 4588 insigne
1730 4515 1884 4586 cuempiam
1907 4530 1995 4586 nuper
2020 4515 2164 4588 proposuit

493 4601 620 4673 Ungerus
642 4599 677 4656 de
695 4599 811 4656 Aemilio
834 4599 928 4656 Macro
948 4617 975 4672 p.
991 4601 1029 4665 6.)
1053 4601 1167 4656 maxime
1183 4598 1339 4669 irequenter
1355 4615 1417 4654 aare
1434 4599 1622 4656 liberariurum
1639 4616 1761 4668 errores,
1784 4609 1866 4669 atque
1888 4601 1916 4656 in
1939 4601 1974 4657 lie
1992 4599 2165 4656 restituendis

494 4685 635 4742 audaciori
659 4684 834 4756 conjecturae
855 4685 945 4740 locum
969 4685 1099 4752 concedi,
1123 4701 1174 4756 ego
1198 4683 1305 4755 quidem
1328 4684 1373 4740 diu
1399 4701 1556 4756 persuasum
1579 4687 1669 4743 lrabeo
1692 4686 1723 4740 ln
1742 4685 1834 4740 Servii
1853 4685 1900 4741 illa
1924 4689 2063 4741 notatione
2085 4687 2164 4750 (Aen.

496 4771 575 4838 Vlll„
592 4770 677 4838 tutte
694 4797 730 4814 ·-
746 4769 896 4828 „uenales
915 4775 1092 4828 vocabantur.
1113 4770 1192 4828 hicat
1209 4787 1257 4825 eos
1277 4773 1363 4842 primo
1381 4771 1479 4828 xnttt.
1498 4771 1602 4842 (cond.
1620 4789 1665 4843 ap.
1685 4769 1815 4827 llcdlumt
1835 4773 1862 4828 lu
1881 4769 1976 4828 xbttt.
1995 4773 2031 4826 al.
2044 4771 2164 4828 cxuttt.

496 4865 523 4908 et
541 4855 652 4918 XMV.)
669 4858 895 4922 enumeraverit«
911 4857 1009 4912 lateret
1028 4857 1116 4928 primo
1134 4855 1211 4912 llum.
1247 4855 1286 4912 Ut
1302 4873 1429 4914 uttmerm
1444 4858 1508 4914 libri
1528 4857 1659 4912 Varronis
1677 4856 1735 4928 jam
1754 4859 1901 4928 antiquitus
1923 4857 2057 4913 detortum
2080 4860 2114 4912 alt
2138 4857 2167 4911 in

497 4955 650 5008 numerum,
674 4957 727 5012 quo
752 4939 800 4996 iiia
822 4939 930 4996 tontum
953 4945 1075 4997 virorum
1097 4957 1192 4998 manus
1214 4951 1378 4997 censeretur.
1414 4940 1489 5004 Quid
1510 4941 1586 5012 quod
1609 4943 1690 4998 etiam
1713 4942 1781 4999 llaec
1798 4943 1920 5015 suspicio
1943 4927 2066 4998 animum*
2079 4957 2166 4996 meum

498 5022 589 5092 sublit,
604 5027 632 5081 lu
650 5027 744 5082 eadem
763 5035 828 5084 nota
846 5045 899 5083 una
914 5027 1001 5084 latere
1018 5031 1104 5101 ipsum
1123 5027 1197 5083 illum
1217 5027 1337 5083 virorum
1355 5026 1464 5084 lortlum
1480 5041 1633 5097 numerum,
1658 5031 1781 5102 quisquis
1798 5030 1863 5098 init,
1883 5043 1965 5097 quem
1989 5027 2078 5080 Varro
2103 5043 2166 5082 cca·

498 5109 602 5170 leceril.
638 5109 695 5166 Sed
711 5112 776 5168 talla
793 5113 900 5170 iaciliua
917 5115 1063 5184 sequimur,
1081 5130 1161 5186 quam
1178 5111 1348 5170 affirmamur.
