4738 5744
1125 323 1357 454 -sstn-

323 636 390 683 uun
413 621 585 700 poemata,
613 627 715 698 quum
736 628 839 718 unum
860 625 983 696 cerpus
1002 618 1135 688 essent,
1162 609 1242 688 sed,
1265 607 1354 696 qnod
1375 618 1489 686 erant,
1516 627 1663 693 poema
1690 609 1884 676 neminavit.
1930 611 2030 696 Atqui
2050 609 2155 698 hujus

322 731 466 800 nominis
487 751 575 817 quaa
596 729 641 796 sit
662 729 736 807 vis,
756 725 952 814 intelligitur
973 725 1027 792 vel
1050 745 1092 792 ex
1113 724 1225 793 verbis
1247 727 1288 792 de
1311 727 1456 793 Divinat.
1480 725 1517 794 ll.
1543 727 1614 794 111.
1636 725 1709 796 hist
1732 747 1819 794 »nou
1840 739 2049 796 esse-auten
2070 728 2153 796 illud

323 871 455 918 carmen
482 848 624 916 furentis
653 845 837 932 (Sibyllae)
867 865 943 912 cum
970 845 1078 930 ipsum
1107 865 1252 930 poema
1279 845 1427 914 declarat
1455 848 1524 929 (est
1547 846 1634 912 euim
1656 846 1765 934 magis
1792 846 1875 914 artis
1903 857 1937 912 et
1964 847 2156 932 diligentiae

324 989 421 1055 quum
446 971 503 1051 -)
525 977 594 1034 turn
618 985 693 1031 -αι
880 973 884 978 “

477 1083 593 1152 rlltero
621 1083 697 1150 loco
723 1083 811 1149 inter
835 1099 895 1146 ecs
922 1080 1048 1160 libros,
1076 1083 1111 1148 iu
1132 1081 1258 1168 quibus
1279 1081 1387 1149 Varro
1409 1079 1650 1166 philosophiam
1670 1081 1796 1168 attigit,
1819 1102 1840 1148 a
1860 1082 2023 1150 Cicerone
2046 1083 2152 1150 »bam
2212 1169 2219 1180 ¹

321 1205 491 1272 dationes«
522 1202 653 1288 positae
677 1211 769 1268 sunt.
813 1199 1039 1267 Laudationes
1067 1209 1176 1266 autem
1199 1219 1285 1286 quos
1313 1199 1424 1270 libros¹
1446 1201 1564 1268 Cicero
1592 1200 1730 1281 disent,
1760 1220 1876 1286 parum
1904 1201 2018 1287 liquat.
2063 1200 2152 1266 blie-

321 1322 480 1389 uissimac
501 1321 658 1388 videntur
679 1339 756 1386 esse
771 1320 819 1385 ab
840 1317 905 1384 hoc
925 1317 1001 1408 loeo
1022 1317 1232 1386 laudationes
1252 1315 1427 1397 funebres,
1450 1337 1535 1404 quas
1557 1316 1764 1386 Goerauaius
1785 1319 1857 1385 rult
1878 1318 2029 1405 intelligi.
2070 1320 2150 1386 Por·

320 1453 413 1508 tasse
440 1440 564 1525 aliquis
592 1438 789 1524 cogitaverit
817 1438 859 1504 de
888 1435 1071 1522 imaginum
1099 1436 1213 1517 libris,
1241 1436 1277 1502 in
1305 1437 1427 1522 quibus
1456 1435 1565 1503 Varro
1594 1435 1856 1522 »Pythagoram
1885 1438 1942 1522 qui
1965 1439 2094 1504 animas
2116 1441 2150 1504 in

180 1601 191 1619 .
319 1561 548 1626 aeternitatem
575 1557 700 1644 primas
725 1555 892 1638 asseruit,
923 1554 1116 1634 Platonem,
1143 1555 1201 1642 qui
1230 1555 1314 1622 dous
1340 1573 1418 1620 asae
1443 1554 1632 1640 persuasit,
1662 1554 1895 1636 Aristotelem,
1918 1556 1976 1643 qui
1995 1568 2151 1632 naturam
2292 1595 2294 1598 -

320 1675 583 1763 beuoloqueudi
606 1675 765 1742 inertem
794 1674 922 1760 redegit
952 1707 989 1722 ··
1020 1693 1150 1758 parca
1176 1673 1302 1740 laude
1328 1674 1554 1760 perstrinxit«
1598 1672 1788 1758 Symmach.
1818 1673 1878 1758 Ep.
1905 1673 1944 1752 l.,
1964 1677 1995 1742 d.
2043 1675 2149 1742 Video

321 1793 538 1882 philosophos
573 1793 727 1860 laudatos
762 1811 858 1871 esse,
892 1790 954 1858 sed
988 1810 1116 1876 parca
1151 1790 1271 1870 lande,
1306 1802 1339 1858 et
1375 1792 1408 1857 lu
1443 1809 1583 1858 numero
1619 1793 1922 1878 asemingcutorum
1954 1791 2150 1860 illustrium«
2203 1813 2206 1820 ’

322 1915 487 1989 virorum3
509 1921 546 1980 ut
567 1911 805 1998 philosophiae.
820 1909 996 2012 dooendae
1010 1909 1066 1975 rel
1088 1909 1368 1978 commendandae
1381 1910 1417 1976 lu
1438 1908 1492 1976 his
1514 1909 1621 1991 libris,
1635 1910 1919 1998 Epigrammatum
1941 1911 2150 1995 potissimum

320 2043 392 2100 arte
420 2041 453 2098 et
474 2029 683 2097 multitudine
704 2029 824 2109 claris,
853 2028 948 2096 locus
969 2028 1110 2095 idoneus
1131 2029 1188 2093 vix
1216 2027 1326 2100 suerit.
1369 2028 1416 2094 At
1437 2029 1473 2094 ln
1493 2037 1646 2114 promptu
1667 2037 1747 2096 aunt
1767 2027 1824 2096 alii
1845 2027 1940 2106 libri,
1967 2031 2024 2115 qai
2048 2029 2149 2097 rebus

163 2227 173 2240 ¹
320 2147 528 2236 philosophis
557 2149 666 2218 omnis
694 2147 828 2234 generis
855 2146 1039 2212 tractandis
1067 2146 1166 2212 simul
1188 2167 1383 2234 magnorum
1405 2147 1553 2214 virorum
1574 2147 1692 2214 laudes
1712 2147 1900 2214 celebrasse
1921 2157 2023 2214 etex
2045 2149 2148 2212 titulis

320 2279 353 2334 et
373 2287 415 2333 cx
436 2267 632 2351 fragmentis
661 2266 883 2334 certissimum
912 2273 983 2342 est,
1012 2264 1209 2331 nobilissimi
1237 2263 1286 2331 illi
1308 2277 1385 2350 post
1406 2265 1549 2331 Saturas
1576 2275 1611 2331 et
1632 2265 1857 2351 amoenitates
1877 2263 1992 2330 bibri
2020 2263 2146 2351 hogi-

319 2387 496 2462 atorici3
520 2403 606 2469 quos
627 2403 647 2450 a
670 2382 834 2450 Cicerone
853 2382 1081 2450 laudationum
1103 2385 1277 2470 aptissimo
1298 2383 1431 2450 nomine
1453 2393 1593 2450 vocatos
1614 2401 1711 2462 esse,
1731 2401 1814 2449 sane
1835 2385 1951 2450 mirum
1970 2394 2032 2462 est,
2054 2383 2146 2468 quod

320 2504 430 2570 adhuc
451 2501 597 2569 latuerit.
642 2502 753 2588 Atque
781 2501 823 2568 de
850 2499 909 2566 his
933 2503 1089 2588 quoniam
1118 2503 1310 2569 acutissime
1338 2513 1372 2567 et
1400 2500 1686 2586 elegantissimea
1716 2499 1899 2568 Bitschelio
1927 2502 2049 2568 dictum
2077 2499 2148 2567 vidi

320 2623 356 2689 iu
385 2621 470 2688 libro
499 2620 758 2706 supralaudato
788 2619 906 2704 (hader
929 2619 1033 2687 schol.
1064 2619 1130 2686 bib.
1156 2621 1265 2704 tals)
1294 2621 1377 2687 satis
1398 2618 1520 2697 habui,
1548 2632 1660 2686 certos
1683 2619 1974 2706 Logistoricorum·
1992 2591 2150 2686 tihr'rirum

320 2740 439 2808 titulos
460 2737 659 2826 apposuisse
679 2757 758 2820 eos,
781 2737 903 2825 quibus
924 2748 959 2804 et
979 2757 1098 2804 nomeu
1128 2739 1210 2818 viri,
1239 2739 1293 2804 cui
1315 2738 1496 2823 inscriptus
1517 2733 1581 2804 luit
1602 2737 1704 2815 liber,
1732 2747 1766 2802 et
1793 2737 1842 2802 rei
1871 2738 1906 2802 in
1933 2757 1975 2804 eo
2003 2736 2148 2804 traditae
2193 2753 2199 2773 ¹

320 2860 422 2928 iudex
444 2859 640 2926 continetur.
685 2855 772 2924 Sunt
793 2865 902 2922 autem
924 2855 976 2921 hi:
1000 2855 1117 2934 Catus,
1140 2855 1194 2921 del
1208 2856 1311 2922 iberis
1323 2856 1526 2937 educandis3
1550 2855 1710 2922 Messalla
1724 2855 1766 2920 de
1780 2854 1988 2933 valetudine;
2004 2853 2151 2933 Tubero,

321 2978 364 3044 de
386 2978 515 3061 origine
536 2975 698 3058 humanat
721 2974 838 3052 Curio,
860 2975 902 3039 de
923 2972 1015 3072 cultu
1037 2975 1194 3051 deorum;
1217 2973 1361 3055 illarius,
1384 2975 1427 3042 de
1448 2973 1604 3040 Fortuna.
1650 2972 1812 3059 Superest
1833 2991 1953 3058 magua
1974 2972 2150 3040 multitudo

321 3095 510 3174 titulorum,
539 3103 572 3160 et
599 3083 749 3160 virorum
769 3091 947 3157 illustrium
975 3091 1110 3156 nomina
1138 3101 1301 3157 et-rarum
1323 3093 1464 3178 singulis
1482 3089 1578 3159 libris
1605 3091 1820 3170 traditarum,
1842 3111 1928 3177 quos
1950 3110 2151 3177 quamquam

321 3211 482 3298 probabili
507 3211 699 3298 conjectura
720 3209 784 3276 viri
808 3208 896 3276 docti
913 3208 1140 3294 Logistoricis
1161 3208 1256 3274 libris
1277 3209 1489 3297 adjecerunt,
1518 3229 1608 3276 nunc
1629 3210 1761 3296 quiden
1784 3209 1942 3275 mittimus
1963 3219 2149 3288 mouentes,

265 3329 268 3341 '
319 3349 375 3398 res
405 3327 638 3416 philosophas,
659 3347 786 3416 easque
805 3325 1004 3414 nouaclum
1025 3327 1067 3393 de
1086 3325 1215 3406 ethico,
1245 3345 1331 3426 quae
1358 3337 1410 3393 est
1439 3327 1612 3394 Bitschelii
1632 3328 1814 3408 mutantia,
1848 3329 1907 3394 sed
1936 3328 1978 3394 de
2005 3328 2148 3394 naturali

318 3467 441 3534 genere
463 3449 601 3535 petitas,
623 3445 740 3514 in.his
766 3443 879 3512 multis
907 3443 991 3512 locis
1024 3441 1196 3512 inchoatas
1223 3445 1277 3514 vel
1307 3455 1524 3530 pertractatas
1554 3444 1669 3516 luisse.
1714 3444 1895 3514 Plurimum
1927 3445 1992 3512 huo
2023 3443 2148 3513 iaciant

318 3565 466 3645 Pubero,
487 3568 522 3633 in
543 3587 610 3654 quo
633 3585 754 3652 gruem
782 3563 877 3631 locos
900 3561 1142 3650 Pythagoricae
1170 3557 1400 3649 philosophiae
1426 3563 1570 3646 scriptos
1590 3562 1698 3631 fuisse
1718 3564 1925 3631 Censorinus
1947 3566 2044 3630 docet
2064 3582 2093 3630 a
2113 3563 2145 3629 9.

321 3701 349 3750 o.
369 3685 416 3750 ll.
433 3693 467 3750 et
487 3683 611 3770 siquid
627 3683 726 3750 video
748 3703 777 3750 c.
795 3683 845 3750 lt.
868 3693 905 3748 ut
925 3701 1042 3766 parum
1065 3682 1303 3768 circumspecte
1322 3683 1428 3768 egerit
1451 3681 1574 3768 Popma
1588 3682 1743 3748 omittens
1758 3703 1843 3769 quae
1865 3661 2051 3750 arctissime
2071 3703 2147 3749 cum

318 3801 361 3868 iis
383 3819 470 3887 quac
490 3819 533 3868 ex
554 3821 626 3886 cap.
641 3801 674 3867 9.
691 3799 863 3885 apposuit,
884 3797 1079 3883 cohaeream
1100 3811 1133 3866 et
1149 3799 1265 3878 Curio,
1285 3802 1321 3868 in
1336 3821 1402 3888 quo
1424 3800 1511 3868 libro
1527 3801 1635 3867 Varro
1651 3801 1692 3867 de
1708 3801 1836 3868 Numae
1850 3803 1956 3880 libris,
1977 3801 2146 3881 disseruit,

320 3939 408 4008 quos
428 3919 525 3986 etiarn
552 3920 588 3984 in
617 3919 742 3986 saturis
769 3917 902 3987 videtur
916 3918 1089 4002 attigisse,
1109 3927 1148 3982 ut
1161 3917 1248 3982 alias
1262 3919 1408 3999 dicetur,
1430 3929 1543 4005 atquo
1558 3918 1799 3986 divinationum
1814 3941 1937 4008 genera
1955 3931 1989 3987 et
2010 3921 2146 3990 deorum

169 4101 176 4116 ,
319 4038 611 4124 interpretationes
632 4037 802 4124 physicas,
823 4053 880 4103 rea
908 4054 928 4103 a
957 4035 1082 4102 Stoicis
1102 4035 1264 4120 imprimis
1284 4046 1455 4114 tractatas,
1476 4035 1664 4121 explicavit.
1710 4035 1787 4108 Vid.
1808 4059 1839 4123 p.
1861 4039 1933 4106 nst.
1960 4039 2032 4122 liip.
2077 4037 2147 4104 att-

319 4178 414 4226 orum
443 4155 696 4242 philosophandi
723 4175 882 4242 generum
910 4153 967 4220 alii
994 4153 1172 4221 admonent
1199 4153 1296 4223 tituli.
1340 4153 1477 4222 Librum
1509 4165 1621 4222 autern
1650 4154 1744 4222 illum
1774 4157 1822 4222 de
1850 4153 2146 4240 philosophia,

320 4295 416 4364 quem
439 4275 592 4347 Ciceroni
609 4273 814 4341 'Academica
834 4273 890 4339 lib.
915 4273 937 4340 l.
961 4273 1118 4340 scribenti
1140 4283 1217 4340 ante
1238 4274 1355 4341 oculos
1375 4272 1481 4340 luisse
1502 4273 1820 4354 demonstravimus,
1843 4273 1886 4349 sl,
1907 4281 1945 4338 ut
1965 4274 2147 4357 probabilia

321 4397 518 4484 conjecturo·
540 4391 622 4473 fert,
657 4391 752 4458 libris
781 4377 998 4478 Logistoricis
1027 4393 1375 4474 adnumerarerimus,
1403 4411 1494 4460 novo
1526 4403 1739 4479 argumento,
1771 4389 2021 4456 »laudationaso
2050 4367 2147 4479 ipsos

320 4513 550 4599 Logistoricos
563 4528 584 4580 a
599 4511 760 4579 Cicerone
782 4511 860 4590 dici,
882 4511 1141 4603 confirmabitur.
1174 4511 1227 4578 De
1247 4509 1386 4597 reliquis
1407 4511 1572 4580 videndus
1588 4509 1752 4578 Ceblerus
1766 4531 1799 4594 p.
1813 4507 1933 4594 tta-sq.
1950 4517 1983 4575 at
1996 4509 2145 4580 liitscbe·

250 4629 267 4680 -'
320 4633 387 4700 llus
419 4631 441 4696 l.
464 4633 506 4715 1.,
531 4631 703 4719 ,ln²onju's
730 4631 795 4698 viri
824 4615 1084 4716 ingeniosissimi
1112 4629 1339 4716 disputatione
1366 4629 1400 4695 id
1420 4627 1535 4697 vfarteor
1562 4649 1615 4697 ma
1643 4649 1709 4695 nou
1738 4636 1929 4693 assecutum
1955 4647 2055 4708 essa,
2086 4649 2146 4697 cur

323 4751 578 4837 aequalibus
611 4751 696 4817 viris
724 4769 745 4815 a
774 4749 927 4816 Varrone
959 4748 1113 4836 singulos
1140 4748 1247 4816 libros
1275 4749 1448 4816 dedicatos
1478 4747 1571 4816 relit.
1622 4745 1776 4814 Arbitror
1807 4747 1894 4814 enim
1927 4747 2010 4814 satis
2041 4746 2149 4848 tuta·

321 4867 465 4956 singulis
487 4867 582 4934 libris
603 4865 740 4936 inscribi
761 4887 882 4934 nornen
904 4870 979 4957 eJus
1000 4867 1162 4948 hominis,
1193 4868 1266 4934 sive
1287 4866 1434 4934 viventis
1455 4863 1624 4934 etiamtum
1646 4865 1720 4934 slve
1741 4863 1905 4948 defuncti,
1930 4887 2027 4934 rcum
2049 4871 2147 4955 cnjus

321 4987 434 5058 indole
466 4985 631 5074 lactisque
662 4987 775 5074 aliquo
803 4986 975 5054 societatis
1005 4985 1139 5054 rinoulo
1165 4986 1215 5052 rei
1242 4995 1403 5052 tractatae
1430 4993 1659 5070 argumentum
1689 4985 1945 5054 contineretur«
1990 4985 2036 5050 ld.
2058 4990 2146 5074 quod

323 5093 440 5180 Cicero
475 5103 555 5179 lecit
590 5103 624 5174 in
651 5100 854 5175 *brolletto
871 5105 1009 5176 Catone.
1048 5104 1297 5174 'Laudationem
1329 5105 1416 5174 enirn
1450 5121 1570 5176 uomau
1604 5125 1646 5174 eo
1682 5105 1889 5176 commodius
1919 5123 1943 5169 a
1975 5101 2146 5188 Cicerone,
