4738 5744
1063 427 1291 504 ...3-

265 665 422 735 acubus·
444 661 677 746 corrigendam
700 677 778 726 csse
799 657 1036 743 suspicantem,
1060 657 1127 722 lud.
1153 655 1257 727 schol.
1278 657 1347 724 bib.
1372 611 1510 728 relano
1530 677 1563 742 p.
1588 655 1645 722 Vl.
1668 666 1702 760 ct
1723 656 1766 722 da
1786 655 1949 728 Varronis
1971 658 2099 746 discipl.
2148 657 2154 674 '

216 885 220 888 ‚
264 784 343 852 libb.
367 805 398 868 p.
423 783 488 860 lu,
509 781 566 867 qui
587 781 689 848 etiam
705 779 742 846 C.
765 777 951 858 Barthium‚
975 777 1119 844 Advers.
1142 775 1201 858 Vl,
1222 775 1255 847 6.
1275 774 1506 862 logistoricum
1523 759 1810 842 sAutidamautem
1832 777 1874 843 de
1896 777 2097 846 moralibusoe

245 903 463 988 lingentem,
486 897 662 977 refutavit,
691 896 727 962 in
754 897 833 962 edit.
857 896 1014 980 l’opmae.
1035 915 1065 978 p.
1089 893 1162 962 323.
1183 903 1255 973 est,
1276 905 1315 960 ιιι
1335 905 1554 980 expungatur.
1595 893 1694 970 Quae
1715 913 1817 980 quum
1838 894 1885 960 ita
1906 896 1985 976 siut,
2008 895 2099 964 houd

268 1022 340 1090 seio
366 1040 411 1086 su
438 1015 522 1086 uibil
543 1014 758 1082 dubitationis
785 1013 950 1100 reliquum
979 1013 1039 1094 sit,
1071 1013 1150 1098 quin
1173 1011 1292 1078 Cicera
1320 1015 1354 1078 in
1382 1013 1489 1078 Acad.
1519 1013 1544 1092 l,
1567 1013 1599 1080 b.
1642 1011 1825 1080 Varronem
1851 1013 2099 1099 philosophiam
2134 1007 2137 1016 ’
2230 1037 2238 1046 ·

269 1137 427 1206 moralem
449 1134 725 1201 Academicorum
747 1141 894 1199 veterum
917 1131 991 1198 suis'
1011 1131 1118 1216 ipsius
1139 1130 1253 1196 verbis
1259 1175 1272 1208 ,
1299 1130 1438 1196 mutatis
1465 1141 1576 1196 tamen
1598 1131 1787 1210 mutandis,
1808 1143 2017 1198 enarrantem
2047 1133 2098 1206 in·
2133 1199 2138 1209 ,

270 1257 461 1324 troduxissa
483 1252 672 1319 censendus
693 1249 747 1316 sit.
792 1243 891 1326 Quod
913 1269 1012 1338 quaru
1033 1261 1148 1334 optma
1167 1246 1295 1329 lecerit,
1318 1267 1386 1314 uou
1407 1248 1571 1335 estquod
1593 1249 1868 1316 demonstremus.
1902 1251 2014 1337 Atque
2032 1269 2100 1318 uon

270 1374 409 1442 multum
431 1372 569 1452 absum,
597 1371 679 1456 quin
700 1369 799 1435 ctiam
820 1369 929 1453 ipsum
949 1367 1114 1440 erationis
1135 1377 1283 1434 tenorem
1304 1367 1349 1432 sd
1370 1358 1512 1434 dicentis
1533 1368 1702 1452 ingenium
1723 1368 1996 1464 accommodasse
2021 1387 2098 1434 curu
2127 1379 2162 1456 ᾗ

152 1547 155 1552 ,
272 1493 432 1570 arbitrer,
453 1489 621 1574 siquidem
642 1485 701 1554 illo
724 1487 862 1573 squasis
884 1495 918 1552 cl
940 1487 1124 1574 squaedam
1145 1483 1262 1570 quasis
1285 1485 1411 1569 septies
1438 1485 1580 1568 repetito
1608 1485 1717 1552 notari
1745 1486 1877 1552 uidetur
1904 1487 1942 1552 id
1968 1485 2101 1554 dicendi

272 1629 400 1696 genus,
436 1608 526 1694 quud
561 1607 603 1674 ab
632 1615 703 1671 arte
732 1604 823 1672 clare
851 1605 1071 1691 distincteque
1107 1604 1236 1668 dicendi
1274 1601 1477 1688 aliquantum
1514 1603 1621 1668 abest.
1680 1603 1849 1670 Leborare
1883 1601 1970 1669 enim
2000 1623 2038 1668 se
2065 1605 2101 1670 iu

272 1729 403 1814 graecis
413 1721 468 1792 his
479 1722 654 1795 vocabulis
668 1722 770 1788 latine
781 1722 961 1810 reddendis
973 1722 1081 1788 Varro
1093 1723 1166 1806 ipse
1181 1721 1261 1787 dicit
1271 1720 1299 1805 ς.
1311 1719 1343 1786 6.
1358 1741 1576 1806 »quamquam
1594 1723 1794 1810 quibusnam
1811 1723 1985 1809 quisquam
1998 1740 2100 1786 enun-

173 1826 180 1839 ¹
272 1848 355 1916 iere
375 1845 488 1912 verbis
510 1843 631 1926 poterit
651 1817 694 1892 -Ᾰ
715 1841 797 1907 haec
817 1842 893 1926 ipsu
914 1842 956 1906 de
977 1841 1047 1907 vita
1068 1851 1102 1906 et
1123 1840 1304 1906 moribuss.
1330 1835 1397 1922 cf.§
1414 1840 1527 1906 Mb.
1540 1841 1592 1905 tl.
1607 1840 1648 1904 al.
1666 1852 1766 1925 atque
1781 1841 1995 1922 proverbium
2017 1838 2099 1904 illud

268 1957 349 2028 *sus
370 1961 600 2028 hliuerrsrn
621 1959 650 2045 ᾗ.
669 1959 717 2027 18.
736 1958 919 2024 Varronem
932 1958 1044 2046 aliquo
1060 1959 1094 2024 iu
1115 1957 1242 2026 honore
1263 1956 1423 2024 babuisse
1444 1977 1465 2020 a
1478 1955 1576 2022 Festo
1590 1959 1770 2024 edocemur
1789 1959 1811 2022 i.
1828 1978 1859 2022 v.
1873 1979 1904 2040 p.
1918 1959 1989 2024 310.
2004 1955 2099 2024 lllilll.

200 2081 203 2084 ’
275 2079 343 2146 Sed
364 2079 449 2148 heau
468 2090 549 2146 suut
568 2079 679 2144 ruinus
700 2087 801 2144 cerlo.
846 2075 945 2149 Quod
966 2089 1077 2143 autam
1099 2075 1352 2142 CiceroAttico
1373 2075 1510 2152 scribit,
1531 2073 1587 2139 lib.
1612 2075 1699 2156 ΧΙΙΙ,
1726 2076 1772 2140 lu.
1819 2074 2004 2144 Varronem
2021 2067 2103 2140 Ἀν-

274 2192 405 2277 ιιόχιια
426 2196 525 2268 vaide
547 2197 699 2281 probare,
719 2206 753 2261 et
774 2194 827 2260 iu:
841 2213 894 2278 ep.
920 2194 969 2266 lo.
990 2195 1113 2260 nemini
1142 2193 1250 2258 visam
1277 2191 1436 2278 aptiorem
1454 2184 1675 2270 Ἀντιόχειαν
1702 2194 1862 2260 rationem
1897 2212 1994 2278 quam
2018 2193 2101 2258 Var-

275 2317 366 2395 roni,
388 2315 511 2404 idjam
534 2315 780 2398 apertissimum
803 2324 871 2390 est,
901 2333 967 2398 quo
986 2323 1135 2397 spectet,
1165 2309 1330 2396 quomque
1357 2308 1479 2377 habeat
1506 2331 1653 2377 causam.
1697 2311 1850 2396 Denique
1878 2311 2017 2398 nequis
2042 2311 2102 2375 mi·

274 2444 385 2512 retur,
416 2433 610 2500 Ciceronem
639 2431 868 2497 eavsrronis
889 2413 977 2497 libro
997 2429 1110 2518 aliquo
1131 2427 1330 2513 philosopho
1352 2431 1512 2514 quaedam
1535 2429 1570 2494 in
1596 2447 1678 2498 suos
1701 2430 1974 2496 Academicorum
1995 2428 2101 2494 libros

274 2550 504 2631 manmulisse,
534 2550 628 2616 nulla
657 2549 951 2636 ejus.scriptionis
973 2569 1015 2614 cx
1036 2567 1103 2634 qua
1125 2549 1301 2632 descripsit
1323 2546 1411 2612 lacte
1432 2548 1611 2625 mentione,
1631 2549 1826 2632 praesertim
1844 2568 1946 2633 quum
1967 2547 2001 2612 in
2016 2549 2102 2612 Ace-

190 2721 192 2726 .
274 2669 475 2756 dominorum
497 2669 602 2752 primo
623 2667 709 2736 libro
729 2666 919 2752 philosophi
936 2668 1068 2755 quidam
1086 2647 1248 2732 Varronis
1270 2665 1344 2730 libri
1365 2664 1555 2750 laudentur,
1569 2675 1622 2730 ast
1643 2666 1730 2750 quod
1747 2675 1931 2745 moneatur,
1948 2663 2004 2730 bic
2018 2663 2103 2732 Var-

273 2787 367 2854 ronis
394 2787 480 2854 liber
508 2788 658 2873 quierat
687 2787 750 2852 ade
781 2785 1030 2872 philosophias,
1060 2785 1141 2871 quin
1168 2785 1203 2848 in
1232 2804 1371 2848 numero
1399 2781 1500 2847 suerit
1527 2801 1642 2848 eorum
1674 2781 1854 2861 librorum,
1882 2803 1968 2868 quus
1996 2781 2105 2865 logi·

275 2905 533 2972 storicorum
574 2905 707 2970 uomiue
739 2893 894 2991 insignes
930 2904 1118 2988 composuit
1155 2901 1283 2980 Varro,
1324 2901 1384 2966 vix
1419 2897 1564 2967 dubitari
1603 2920 1713 2985 posse.
1766 2901 1802 2966 lu
1841 2920 1909 2986 qua
1949 2900 2105 2984 opinione

275 3024 374 3096 etism
403 3021 621 3090 Ritsehelium
638 3023 749 3088 avideo
777 3042 867 3099 esse,
896 3021 966 3087 lud.
995 3018 1099 3086 schol.
1128 3039 1157 3100 p.
1190 3017 1259 3084 vlt.
1311 3019 1413 3105 Atqui
1442 3017 1709 3104 logistoricolum
1738 3037 1821 3084 saue
1854 3015 1967 3104 aliqua
2002 3017 2105 3102 sigui·

277 3141 388 3208 hostio
416 3141 522 3208 latero
549 3141 717 3207 videtur
708 3161 742 3204 ru
771 3140 847 3204 loco
874 3137 933 3204 illo
962 3136 1186 3214 memorabili,
1215 3137 1319 3202 Acud.
1350 3137 1392 3218 l.,
1421 3135 1453 3203 3.
1481 3137 1533 3216 9.,
1564 3155 1630 3222 quo
1661 3155 1746 3222 quos
1780 3135 1886 3202 libros
1920 3135 2028 3201 Varro
2062 3135 2105 3200 de

277 3257 488 3343 philosophia
505 3260 676 3366 scripserit
697 3269 865 3336 narretur,
886 3259 937 3324 de
950 3279 1017 3344 qua
1037 3279 1074 3325 ra
1087 3277 1165 3322 mox
1189 3257 1326 3322 dicetur.
1351 3257 1462 3341 Atque
1483 3254 1566 3320 haee
1586 3255 1670 3319 satis
1692 3256 1760 3319 siut
1782 3254 1871 3320 dicta
1884 3254 1927 3320 de
1947 3273 1989 3320 eo
2007 3251 2104 3332 libro,

278 3396 377 3462 quem
408 3375 515 3442 Varro
545 3375 587 3442 de
616 3375 825 3462 philosophia
853 3378 995 3462 scripsit.
1040 3375 1092 3441 Ex
1120 3375 1243 3460 quibus
1272 3375 1318 3438 its
1345 3373 1523 3467 disputatis
1550 3371 1759 3458 intelligitur,
1790 3371 2014 3438 Varronem
2002 3393 2039 3436 rn
2065 3389 2106 3438 eu
2153 3461 2157 3474 .
2224 3363 2229 3371 ’

277 3493 505 3597 philosophiae
529 3505 648 3578 perte,
670 3497 815 3581 quaqui
838 3488 1106 3560 linesbouorum
1128 3491 1346 3559 etmalorum
1376 3503 1489 3556 assent
1515 3491 1797 3576 investigabatur,
1826 3491 1973 3556 deditum
1998 3487 2105 3554 fuisse

278 3591 479 3703 Academiae
507 3613 621 3679 vetari.
673 3613 821 3698 Atque
812 3634 845 3677 ru
874 3611 928 3678 his
956 3611 1103 3678 omnium
1132 3611 1265 3676 omniuo
1294 3623 1442 3675 veterum
1469 3607 1742 3693 pbilosophorum
1771 3627 1912 3692 maguus
1939 3603 2003 3672 luit
2027 3627 2105 3674 eou-

278 3747 410 3796 sensus.
454 3731 515 3798 Est
535 3731 622 3796 euim
643 3729 700 3798 bic
720 3731 904 3796 cummunis
924 3731 1078 3796 omuibus
1106 3725 1364 3813 philosophendi
1386 3727 1484 3806 linis,
1512 3737 1547 3790 ut
1575 3727 1739 3811 sapientia
1766 3727 1852 3792 duce
1873 3725 2028 3794 virtutem
2048 3745 2104 3790 ex·

279 3824 402 3932 petam.
1522 3823 1528 3836 ’

358 4014 362 4028 ,
431 3967 462 4032 9.
478 3965 530 4030 *lu
545 3965 649 4032 altero
662 3977 774 4034 autem
790 3965 1045 4050 philosophandi
1059 3983 1192 4050 genere,
1209 3963 1297 4050 quod
1313 3973 1384 4030 erat
1399 3963 1441 4028 de
1456 3959 1666 4040 disserendo,
1687 3981 1767 4048 quo,
1789 3961 1868 4048 quid
1882 3979 2012 4039 verum,
2025 3959 2104 4048 quid

279 4083 400 4153 laisum
422 4095 526 4164 esset,
549 4083 628 4168 quid
649 4097 774 4150 rectum
796 4087 833 4152 iu
853 4070 1003 4164 oratione
1025 4101 1182 4167 pommus
1197 4083 1430 4168 quaerebatur,
1451 4091 1485 4146 et
1504 4080 1540 4146 iu
1562 4081 1673 4158 tertio,
1693 4080 1784 4165 quod
1806 4092 1878 4146 eret
1900 4080 1941 4145 de
1963 4080 2038 4158 diis,
2061 4079 2104 4142 de

278 4213 411 4280 natura,
432 4203 596 4268 derebus
618 4202 771 4282 occultis,
790 4203 832 4268 sd
850 4203 1037 4268 Stoicorum
1060 4200 1268 4284 disciplinam
1289 4201 1499 4284 potissimum
1521 4219 1560 4264 se
1580 4199 1712 4264 videmr
1727 4197 1960 4282 applicavisse.
1994 4195 2102 4276 lituo,

279 4309 378 4404 quod*
389 4321 498 4405 ipsius
513 4319 659 4386 Zenonis
680 4319 773 4384 illurn
788 4319 1002 4384 senteutiam:
1026 4317 1218 4384 »dialectica
1239 4330 1272 4382 et
1286 4317 1450 4382 rhetorica
1463 4329 1516 4384 est
1534 4318 1623 4402 quod
1641 4317 1676 4384 iu
1691 4335 1791 4382 mauu
1805 4314 1949 4382 hominis
1973 4333 2104 4402 pugnus
2176 4298 2186 4308 ’

280 4439 438 4506 astrictus
458 4448 493 4504 et
512 4437 624 4523 palma
645 4439 811 4504 distensa:
833 4435 894 4502 illu
916 4417 1018 4503 verbu
1039 4435 1257 4512 contrahens,
1286 4436 1352 4500 ista
1374 4435 1598 4502 distendens«
1643 4433 1793 4517 (Fabrlc.
1823 4433 1866 4497 sd
1887 4432 1978 4497 Sext.
2011 4432 2102 4524 [imp.

280 4555 358 4624 adv.
381 4553 494 4646 (iram.
518 4579 548 4640 p.
571 4555 643 4624 989.
667 4559 765 4640 sq),
793 4575 888 4624 suasu
916 4555 994 4620 lecit
1020 4557 1074 4640 (p.
1104 4555 1177 4622 uua.
1210 4553 1280 4637 llip.
1307 4551 1432 4618 liitsch.
1459 4552 1611 4638 Discipll.
1643 4575 1673 4637 p.
1695 4555 1751 4630 4.).
1794 4547 1918 4615 Jnutile
1939 4561 1991 4614 est
2015 4552 2103 4617 euim

279 4691 452 4760 quaerere,
475 4695 572 4758 quem
594 4671 874 4760 pbilosophorum,
898 4673 1007 4743 Varro
1037 4675 1171 4758 quidvis
1192 4675 1307 4742 dicens
1328 4673 1544 4758 expresserit,
1566 4671 1630 4736 uisi
1652 4669 1794 4734 addatur
1822 4681 1864 4734 es
1893 4689 1959 4753 quo
1990 4668 2100 4748 simul,

279 4791 417 4858 licuisse
437 4791 502 4857 boc
523 4791 667 4858 Varroni
690 4814 748 4878 per
769 4794 822 4858 sui
845 4791 955 4876 ipsius
975 4792 1101 4878 ingenii
1128 4803 1299 4869 naturam,
1327 4789 1539 4874 intelligatur.
1590 4785 1660 4852 lllis
1687 4787 1831 4870 enimet
1858 4786 2023 4852 similibus
2049 4785 2103 4852 vel

281 4909 530 4980 accuratissime
552 4911 732 4990 adnotatis,
754 4929 953 4997 quamquam
974 4929 1018 4976 ua
1038 4909 1102 4974 boc
1123 4911 1253 4993 quidem
1275 4928 1318 4976 aa
1338 4928 1404 4993 que
1424 4927 1485 4991 pur
1506 4919 1577 4974 erat
1597 4904 1770 4991 diligentis
1789 4901 1912 4971 factum
1934 4925 2011 4972 esse
2034 4905 2103 4970 sul·

280 5049 368 5096 mum
389 5026 635 5124 advertiqnibil
655 5047 765 5114 neque
779 5028 937 5094 librorum
954 5027 1256 5112 interpretationem
1271 5045 1379 5111 neque
1400 5025 1538 5108 ingenii,
1552 5026 1639 5110 quod
1655 5025 1691 5090 iu
1713 5023 1864 5092 Varrone
1878 5035 1950 5090 erat
1963 5041 2102 5109 prorsus

281 5145 460 5230 singulare,
484 5147 706 5232 coguitionem
728 5146 881 5234 adjuvari
903 5147 1109 5232 aut-augeri,
1131 5145 1427 5230 persuasissimum
1446 5154 1507 5208 est.
1539 5141 1629 5218 Quid
1650 5141 1736 5210 euim
1759 5143 1836 5308 ilqde
1857 5138 2021 5210 discituri
2035 5141 2100 5208 sai-

2145 5269 2150 5311 l
