4738 5744
1027 381 1086 418 .·-
1123 347 1265 424 al—

234 571 1038 665 4114444.34·4414144,.44444444.(1444441476,
1058 576 1162 646 414444
1184 576 1283 644 simul
1297 575 1354 644 ilio
1376 578 1541 646 vocabulo
1555 599 1621 666 qno
1637 579 1746 650 Varro
1767 603 1851 652 usus
1871 597 1944 654 erat
1964 589 2057 657 adhi-

234 695 549 784 bito,diaitt:„aihil
563 707 615 763 est
630 696 720 764 ,euim
743 697 842 762 nobis
862 695 1063 780 promissum
1078 696 1120 762 ad
1134 694 1222 780 banc
1235 697 1349 778 vitant,
1365 715 1428 764 nec
1448 696 1483 764 in
1505 699 1766 768 carunculae
1787 700 1916 790 hujus
1936 705 2058 776 iolli·
2079 761 2082 770 ,

232 821 330 888 culo
359 815 587 888 constitutis.“
618 849 655 864 «-
686 813 818 888 Quibus
845 813 948 890 iocis,
976 813 1099 880 additis
1126 813 1224 892 aliis,
1253 811 1340 882 hano
1367 833 1438 881 rem
1459 814 1655 884 illustratam
1678 817 1776 886 video
1798 820 1841 887 ab
1862 821 1992 892 Orellio
2010 830 2056 894 ad

231 936 373 1006 Arnobii
400 934 422 1000 i.
445 933 469 1010 1.Ι
497 941 532 1000 44
558 931 798 1018 ilavercampio
824 923 1232 1022 autochthones
1277 931 1392 1019 Neque
1413 933 1546 1000 omnino
1567 934 1616 1000 ita
1643 934 1742 1022 ionpe
1758 909 1895 1006 'rmedtt
1923 943 1965 1010 ab
1990 943 2053 1014 bac

231 1049 469 1130 similitudine,
497 1051 588 1137 quad
609 1049 789 1118 Varroda
810 1048 860 1116 lie
881 1059 964 1116 rust.
989 1048 1015 1128 l,
1039 1048 1068 1119 l.
1090 1047 1258 1117 hominem
1278 1051 1325 1116 nit
1352 1049 1476 1118 bullam
1503 1071 1582 1118 esse
1609 1051 1669 1136 (ci.
1692 1053 1880 1124 casaubon.
1903 1058 1938 1126 in
1958 1059 2054 1130 Pers.

234 1173 281 1251 V,
305 1172 393 1254 lii),
421 1179 455 1236 et
471 1167 564 1254 ,qnod
593 1168 628 1234 in
656 1167 799 1244 Satura,
827 1167 880 1234 cui
909 1167 1100 1234 Aristonem
1129 1165 1247 1233 Chium
1276 1179 1412 1236 secutus
1440 1167 1584 1238 Tithono
1606 1171 1833 1257 inscripserat,
1856 1183 1935 1264 aspi
1955 1174 2059 1267 γήρως

232 1291 318 1376 (vid.
349 1285 534 1356 Schneider
560 1285 696 1371 Scriptt.
725 1284 764 1350 ii.
793 1305 820 1352 4.
852 1283 952 1352 iudea
981 1294 1067 1350 auct.
1096 1304 1129 1349 v.
1160 1284 1279 1352 Varro.
1309 1283 1351 1352 ci.
1383 1285 1518 1354 Suidas.
1549 1307 1583 1354 v.
1606 1285 1902 1376 Σαρδανάπαλος.)
1924 1316 1956 1380 p.
1979 1297 2056 1366 313.

231 1408 384 1494 scripsit:
415 1406 486 1474 asic
513 1404 651 1472 invitata
672 1412 803 1470 matura
830 1402 939 1470 anima
964 1422 1160 1489 corporeum
1180 1403 1337 1472 corticem
1357 1403 1522 1490 reliquit«
1568 1404 1630 1472 Cui
1651 1406 1727 1474 loco
1751 1408 1916 1481 Oehlerus
1937 1412 2058 1484 hnciiii

230 1527 359 1606 iocum,
388 1533 567 1610 praeeunte
588 1516 743 1588 Turne'bo
765 1521 852 1588 Adv.
874 1520 910 1599 3,
934 1519 1003 1600 iil,
1031 1521 1189 1602 Arnobii,
1218 1520 1413 1588 Tertulliani
1442 1533 1516 1608 apte
1544 1525 1721 1610 ascripsit,
1749 1527 1860 1596 minus
1882 1541 1958 1616 apte
1978 1553 2056 1602 cum

230 1645 381 1712 biercero
411 1651 575 1708 matura
603 1639 652 1726 (iu
674 1659 705 1706 e.
724 1637 908 1724 longaeva,
933 1639 1005 1725 Jam
1033 1637 1134 1723 digna
1160 1657 1247 1724 quaa
1268 1639 1303 1704 in
1326 1626 1461 1708 coelum'
1475 1643 1606 1725 redeat)
1628 1643 1706 1710 ina
1732 1655 1888 1714 natura
1908 1659 2054 1718 mutans.

233 1761 329 1838 Quae
350 1779 433 1834 cum
445 1760 495 1826 ita
513 1758 601 1839 sint,
630 1761 739 1843 ipsum
768 1757 900 1824 animae
927 1775 1102 1824 ascensum
1131 1756 1165 1820 in
1187 1757 1317 1824 coelum
1343 1774 1386 1822 ex
1407 1756 1640 1842 Empedoclis,
1665 1759 1836 1844 Platonis,
1866 1763 2056 1836 Stoicomm

227 1880 435 1968 quorundam
456 1877 701 1966 sententiavit
721 1875 858 1944 dubium
886 1885 957 1956 est,
987 1875 1068 1962 quin
1092 1873 1199 1942 Varro
1221 1875 1256 1942 in
1277 1873 1342 1942 hac
1361 1886 1477 1942 satura
1498 1879 1698 1944 monstrarit.
1751 1879 1860 1966 cujus
1883 1885 1932 1950 rei
1953 1895 2055 1954 tenue

229 1999 383 2085 quidem,
411 1997 473 2062 scd
493 2007 532 2062 ut
552 1996 713 2074 arbitror,
735 1995 818 2061 satis
850 2004 976 2066 certum
1008 1995 1187 2079 vestigium
1220 1993 1478 2080 deprehendisse
1509 1993 1590 2060 mibi
1622 1995 1739 2064 videor
1769 1998 1804 2064 in
1834 2002 1948 2068 verbis
1980 2003 2052 2071 his:

229 2115 409 2182 „Mortales
436 2113 530 2182 multi
558 2133 678 2180 rursus
705 2123 739 2179 et
765 2131 904 2197 prorsus
931 2124 1074 2180 meant«
1120 2111 1312 2179 Macrobius
1332 2112 1425 2190 ,enim
1455 2110 1568 2178 Somn.
1599 2112 1703 2180 Sci.
1726 2135 1756 2182 4.
1780 2117 2052 2196 134411ᾱί444-

226 2254 306 2300 rens
327 2235 369 2298 de
390 2233 491 2298 animi
513 2231 759 2298 immortalitate
780 2229 942 2316 permulta
963 2231 1081 2312 tradit,
1111 2249 1197 2316 quae
1227 2229 1391 2298 Varronis
1419 2215 1617 2298 auctoritate
1644 2232 1813 2316 nituntur,
1841 2245 1879 2324 ut
1901 2257 1987 2323 qnae
2008 2239 2051 2306 de

227 2355 357 2420 animae
385 2352 545 2436 gradibus
571 2346 674 2416 refert
700 2369 727 2416 c.
757 2349 823 2428 14,
850 2348 1052 2414 haecdicit:
1084 2346 1165 2415 „has
1186 2347 1271 2416 solis
1293 2357 1406 2433 portas
1428 2346 1556 2434 physici
1578 2363 1799 2433 vocavemnt,
1829 2351 1968 2440 quia-
1993 2376 2053 2442 per

152 2473 163 2480 '
221 2469 286 2536 has
306 2481 421 2554 portas
442 2469 572 2537 animae
593 2469 636 2534 de
651 2465 751 2540 ‚coeio
772 2465 807 2530 in
828 2475 936 2532 terras
957 2485 1095 2534 manre
1116 2467 1212 2532 etde
1234 2467 1331 2532 terris
1353 2485 1541 2532 remeare
1566 2467 1757 2552 creduntur,
1781 2470 1856 2539 ideo
1878 2469 2048 2544 hominnm

226 2608 312 2666 uns,
340 2588 445 2654 altera
473 2589 610 2654 deorum
638 2595 796 2660 vocatum
823 2583 994 2652 bominum
1013 2565 1146 2654 ‘cancer
1175 2605 1259 2650 -·.‹⁴
1306 2582 1396 2654 ilaec
1427 2603 1448 2648 a
1480 2582 1635 2652 Varrone
1665 2585 1788 2654 alicubi
1820 2607 1898 2656 esse
1930 2593 2052 2674 tradita

224 2707 401 2774 4414444444
423 2705 534 2772 verbis
555 2704 666 2772 Servii
687 2679 724 2770 in
745 2701 840 2790 Virg.
865 2699 986 2790 Georg.
1009 2701 1035 2784 i,
1057 2702 1109 2770 34.
1131 2701 1203 2769 hisr
1235 2701 1343 2769 Varro
1371 2711 1480 2768 tamen
1508 2702 1572 2783 ait,
1603 2721 1642 2770 se
1668 2702 1793 2790 legisse
1820 2706 2051 2794 Empedotiuro
2175 2689 2195 2701 ”⁸

225 2825 354 2888 cnidum
377 2821 992 2907 84444444441444444114444144ἰωί
1014 2822 1159 2890 restitnit
1181 2819 1371 2888 imbecilius
1392 2817 1468 2904 Agl.
1489 2818 1524 2884 in
1547 2820 1633 2886 Add.
1657 2843 1687 2906 p.
1711 2821 1804 2894 1357.
1827 2835 1860 2890 et
1881 2825 2049 2914 Bergkius

222 2942 265 3006 de
286 2940 423 3024 Bmpad.
446 2962 478 3026 p
501 2940 552 3010 311.
596 2939 776 3008 Clementis
799 2940 893 3006 Alex.
916 2939 1038 3006 Strom.
1062 2939 1084 3006 1.
1107 2961 1137 3025 p.
1160 2939 1234 3008 334.
1257 2951 1290 3006 44
1313 2937 1438 3008 Snidae
1459 2957 1492 3002 v.
1509 2930 1696 3014 Ἰουλιανός
1717 2941 1915 3010 auctoritate
1939 2964 2049 3014 emen·
2189 3029 2190 3032 Ἴ

223 3059 389 3126 dationem
411 3077 505 3130 suam
527 3059 757 3142 confirmans.)
787 3059 930 3145 quadam
958 3068 1123 3142 potestate
1151 3058 1264 3126 divina
1292 3057 1463 3124 mortalem
1491 3067 1663 3143 aspectum
1691 3057 1877 3142 detersum,
1906 3080 2049 3148 eumque

221 3177 307 3244 iuter
334 3187 444 3246 cetera
473 3189 542 3244 tres
570 3188 688 3266 portas·
712 3175 860 3256 vidisse,
889 3187 1024 3263 masque
1051 3177 1151 3242 vias«
1181 3175 1276 3262 reliq.
1309 3211 1345 3224 -
1379 3175 1572 3262 „Ejusmodi
1601 3185 1711 3242 autam
1739 3187 1890 3244 veterum
1918 3181 2049 3266 sapien·

218 3305 291 3363 4444
314 3331 351 3346 -
375 3296 526 3366 visiones
547 3296 627 3381 fingi
650 3294 802 3360 solebant
823 3296 944 3380 partim
964 3295 1009 3362 ad
1037 3292 1189 3363 fraudem
1211 3294 1436 3380 imperitorum
1465 3294 1586 3378 purtim
1613 3293 1656 3360 ad
1678 3295 1737 3360 otii
1759 3294 2048 3364 oblectationem«
2193 3309 2203 3322 “

219 3411 410 3480 Lobechius
430 3412 452 3477 l.
474 3411 497 3478 1.
520 3434 552 3496 p.
575 3411 649 3486 944.
695 3411 730 3478 11
759 3413 823 3480 etsi
853 3431 968 3482 verum
996 3423 1066 3492 444,
1097 3431 1168 3478 rem
1196 3411 1304 3495 ipsam
1331 3421 1442 3477 tamen
1470 3411 1585 3495 negari
1612 3411 1728 3497 nequit
1756 3411 1940 3482 Varronem
1967 3435 2046 3502 pro·
2169 3497 2173 3503 Ι
2260 3430 2266 3444 “

219 3531 333 3608 basse,
354 3531 389 3596 in
413 3529 564 3598 Platonis
585 3529 737 3598 blandam
759 3540 1007 3617 transgressum
1029 3529 1253 3614 disciplinam,
1276 3547 1375 3614 quam
1396 3525 1644 3606 Tertullianus,
1665 3529 1779 3598 ridens
1799 3529 1891 3598 illam
1913 3535 2045 3600 meandi

218 3658 254 3721 et
278 3650 446 3716 remeandi
473 3650 641 3718 notionem
671 3649 883 3734 perstringit,
913 3649 954 3716 de
984 3648 1105 3714 Anima
1132 3667 1161 3712 c.
1184 3648 1235 3715 28.
1258 3645 1340 3718 hist,
1361 3644 1475 3722 „Quis
1500 3644 1559 3711 ille
1584 3665 1674 3732 nupc
1694 3655 1793 3714 vetus
1822 3667 1932 3716 sermo
1954 3651 2045 3740 apud

218 3764 409 3830 memoriam
446 3765 598 3834 Platonis
632 3767 675 3832 tie
712 3767 898 3835 animarum
934 3750 1159 3850 reciproco
1193 3765 1416 3841 discursu,
1449 3763 1539 3849 quod
1572 3761 1673 3829 hinc
1704 3767 1915 3836 abeuntes
1947 3781 2047 3836 eant

218 3882 347 3960 iiiuc,
377 3891 410 3951 et
437 3901 555 3950 rursus
584 3884 650 3952 huc
676 3886 813 3951 veniant
839 3895 875 3950 et
902 3885 1021 3952 vivant
1046 3895 1080 3951 at
1105 3881 1225 3950 dehinc
1253 3902 1272 3950 e
1300 3882 1372 3948 vita
1397 3882 1533 3948 abeant:
1566 3901 1685 3948 rursus
1712 3902 1756 3949 ex
1783 3887 1924 3954 mortuis
1956 3885 2045 3954 eiiici

217 3999 364 4068 virosi«
394 4009 430 4066 at
458 4019 553 4078 mour
584 4001 633 4066 asi
661 4023 742 4069 vero
772 4001 909 4070 Samius
935 4001 1087 4086 sophista
1110 3999 1239 4068 Platoni
1265 4010 1382 4066 auctor
1402 4009 1455 4066 est
1475 4000 1659 4068 animarum
1680 3999 1722 4068 de
1743 4003 1927 4070 recidivatu
1949 4023 2045 4070 revo-

216 4118 310 4186 lubili
339 4137 472 4203 semper
500 4138 543 4184 44
571 4117 675 4184 altera
701 4131 907 4186 mortuorum
935 4132 1036 4206 atquo
1063 4119 1246 4186 viventium
1268 4117 1462 4184 suffectione
1475 4140 1570 4180 --oe.
1615 4117 1703 4186 Huic
1727 4133 1923 4208 argumento
1946 4141 2040 4206 prae·

215 4237 410 4304 tersavide
432 4255 531 4322 qoam
554 4233 666 4302 suvant
692 4237 768 4320 ipsa
789 4237 931 4303 Saturae
953 4235 1135 4322 inscriptio.
1182 4236 1429 4302 Andabatae
1457 4235 1543 4300 enim
1566 4235 1702 4322 quinam
1730 4238 1787 4304 alii
1808 4249 1887 4306 sunt
1907 4239 2040 4322 proprie

218 4373 316 4438 qnam
344 4353 588 4429 mcmdantest
632 4353 674 4420 Et
701 4355 872 4420 commode
900 4353 964 4422 hoc
992 4355 1126 4420 nomine
1152 4353 1321 4422 bominum
1354 4353 1454 4418 animi
1486 4354 1705 4420 ascendentes
1735 4365 1768 4420 ct
1801 4354 2043 4423 descendentes

217 4471 283 4540 dici
306 4483 465 4554 possunt,
493 4471 732 4538 andabatamm
753 4493 845 4538 more
866 4491 904 4540 sa
926 4461 1190 4559 praetermittes,
1217 4472 1301 4540 alter
1321 4470 1460 4538 aiterum
1482 4491 1550 4538 non
1571 4471 1733 4539 videntes.
1757 4472 1788 4556 *i
1821 4506 1861 4520 -
1893 4469 2047 4552 Eandem

208 4615 364 4643 ab*

316 4690 341 4759 ⁹)
367 4687 447 4744 Lusit
470 4696 558 4744 tamen
581 4691 671 4748 Varro
696 4692 776 4746 etlam
801 4688 1001 4761 proverbialem
1023 4691 1096 4746 iiiam
1121 4691 1180 4762 ejus
1203 4691 1283 4745 vocis
1303 4691 1358 4745 vim
1382 4688 1530 4755 adhibens,
1552 4687 1587 4742 da
1610 4703 1664 4758 qua
1681 4689 1742 4743 sola
1759 4689 1881 4759 cogitant
1897 4687 2040 4748 Turnebus

366 4771 483 4827 Adverr.
505 4775 545 4840 ii,
562 4773 606 4842 23,
626 4777 743 4848 Popma,
761 4773 824 4841 alii,
842 4773 952 4832 disens:
969 4793 1042 4836 „non
1059 4778 1153 4831 mirum
1172 4777 1196 4830 si
1216 4777 1351 4841 caecutis,
1374 4777 1461 4828 miuus
1478 4789 1572 4828 aurum
1591 4774 1661 4828 anim
1679 4789 1734 4829 nou
1751 4776 1926 4848 praestringit
1944 4778 2041 4833 oeulos

364 4889 446 4943 quam
476 4849 494 4924 ὅ
523 4857 629 4934 nobile
659 4855 800 4948 ἄκρατος
821 4872 873 4946 (144
889 4875 1032 4933 Turnebus
1050 4885 1077 4933 et
1095 4877 1250 4943 hiercerns,
1274 4877 1407 4949 probante
1425 4875 1562 4930 Grnnerto
1581 4877 1659 4933 Anni·
1677 4875 1739 4932 hist.
1758 4893 1785 4949 p.
1808 4873 1918 4945 lobias
1942 4879 2041 4948 quinus

364 4975 459 5033 verbis
476 4974 619 5034 Menandri
637 4993 746 5036 versum
763 4993 921 5050 expressum
939 4995 1001 5034 aeas
1018 4979 1107 5035 hunos
1134 4953 1151 5029 ὅ
1174 4959 1278 5036 nolula
1299 4955 1440 5046 ἄκρατος
1465 4953 1544 5044 dit‘y’
1568 4954 1745 5044 ἀναγκάζει
1766 4967 1917 5050 φρονεῖν,
1929 4975 2041 5044 fletu.

361 5061 426 5118 kins
443 5064 546 5120 monuit
567 5063 586 5122 1.
606 5063 641 5130 1.;
659 5065 820 5123 renuntiem
842 5073 932 5120 autem
953 5064 1053 5138 ipsam:
1074 5061 1274 5137 philosophiam
1292 5061 1451 5134 pierumque
1468 5060 1582 5120 divitum
1599 5065 1668 5119 atria
1685 5062 1789 5136 ingere,
1806 5065 1835 5122 lu
1852 5049 1946 5120 satur‘n
1966 5051 2036 5136 1st
