4738 5744
1143 323 1372 398 ...s--

311 625 314 632 ,
339 555 506 641 petionem
529 569 689 620 summam
711 569 779 628 non
800 549 907 615 solum
930 551 1183 618 oblectationem
1206 551 1339 630 habere,
1361 552 1421 618 sed
1443 551 1645 620 naturalium
1666 563 1700 620 ct
1721 554 1914 622 coelestium
1929 575 2038 622 rernm
2057 557 2165 624 consi·

260 743 263 756 ,
340 673 543 740 demtionem
565 688 685 734 munus
705 688 782 734 esse
803 669 964 752 optimum
986 681 1020 736 et
1040 673 1206 754 proprium
1229 669 1442 754 philosopho,
1464 673 1674 756 persuasisse
1695 673 1760 738 sihi
1783 675 1969 743 censendus
1991 685 2053 740 est.

493 789 567 854 lem
591 787 705 873 paucis
727 787 901 857 dicendum
931 789 972 854 de
1001 787 1206 873 Xenophane
1236 788 1462 873 Colophonio,
1492 789 1659 856 Eleaticae
1690 789 1918 876 philosophiae
1945 803 2101 871 anctore,
2130 793 2165 857 in

341 928 407 996 quo
429 909 503 973 viro
525 907 623 972 etiarn
652 905 725 990 ipso
747 907 936 971 reconditas
958 905 1085 972 litteras
1112 905 1219 972 luisse
1248 919 1394 972 veterum
1417 909 1539 992 scripta
1569 907 1756 974 declarant:
1785 919 1823 973 ut
1850 929 1892 974 ne
1921 908 2009 976 hunc
2030 910 2164 997 quidem

341 1027 405 1092 sihi
429 1025 702 1110 praetereundum
726 1033 854 1107 putaret
877 1023 1004 1100 Varro;
1033 1025 1132 1111 idque
1154 1045 1229 1090 cum
1251 1024 1391 1104 secisse,
1415 1025 1499 1090 locis
1520 1027 1716 1110 quibusdam
1739 1039 1922 1094 memoratu
1944 1030 2028 1094 satis
2055 1029 2165 1112 dignis

340 1145 583 1228 comprobatur.
632 1141 667 1206 ln
696 1143 818 1228 quibus
846 1153 915 1222 cst,
946 1145 1033 1229 quod
1063 1163 1167 1228 snpra
1194 1143 1399 1222 monuimus,
1434 1143 1618 1210 Varronem
1644 1167 1719 1210 cum
1742 1144 1947 1229 Xenophane
1969 1148 2166 1210 sentientem

340 1263 381 1328 'de
410 1263 475 1327 diis
504 1261 703 1343 scripsisse,
736 1261 813 1346 quid
838 1271 987 1345 putaret,
1009 1281 1076 1326 non
1105 1262 1184 1346 qnid
1214 1263 1446 1340 contenderet,
1479 1281 1578 1348 quam
1606 1265 1802 1329 sententiam
1827 1262 2049 1350 Xenophanes
2082 1264 2167 1329 dixit

208 1421 215 1424 -
340 1381 496 1447 versibus
518 1377 592 1445 his:

649 1495 738 1560 „Kar
758 1491 798 1562 ed
820 1499 881 1579 μὲν
903 1487 966 1562 οὖν
986 1500 1093 1582 σαφὲς
1115 1489 1207 1570 οὔτις
1229 1489 1311 1582 ἀνὴρ
1334 1497 1422 1576 ἴδεν,
1446 1491 1526 1564 οὐδέ
1543 1521 1593 1573 τις
1615 1495 1711 1564 ἔσται

645 1611 755 1687 Εἰδώς
777 1605 863 1699 ἀμφὶ
884 1615 978 1678 θεῶν
999 1635 1035 1678 τε
1056 1617 1112 1678 καλ
1134 1609 1327 1696 decateron
1349 1621 1425 1700 περὶ
1452 1611 1601 1682 πάντων·

644 1731 691 1795 Εἰ
710 1728 771 1816 γὰρ
792 1737 847 1795 κοιλ
867 1729 913 1794 τὰ
939 1724 1087 1813 μάλιστα
1115 1727 1212 1810 τύχοι
1241 1730 1477 1816 vastatum
1504 1729 1639 1813 alneio,

645 1841 754 1922 Αὗτός
776 1844 864 1932 ὅμως
885 1840 945 1912 οὐκ
966 1847 1056 1926 olda,
1086 1842 1180 1922 δόντος
1207 1843 1240 1914 d’
1265 1849 1321 1914 ἐπὶ
1350 1853 1437 1916 πᾶσι
1465 1853 1648 1918 emuncta

338 1989 390 2056 ap.
401 1971 493 2038 Sext.
503 1965 592 2052 Emp.
603 1968 679 2032 adv.
691 1967 770 2052 hog.
783 1987 812 2050 p.
827 1965 900 2032 380.
914 1965 956 2030 al.
972 1965 1259 2052 Addelhllergk.
1270 1967 1454 2052 deEmped.
1466 1989 1494 2052 p.
1508 1969 1555 2034 18.
1575 1969 1715 2048 Deinde,
1728 1981 1764 2036 ut
1775 1981 1899 2038 taceant
1911 1991 2045 2042 versum
2057 1976 2160 2041 hun'c:

647 2081 728 2158 „aa
748 2081 828 2157 θεὸς
850 2081 887 2148 ἓν
907 2105 941 2148 τι
963 2087 1074 2150 θεοῖσι
1096 2091 1150 2149 καλ
1173 2078 1389 2171 ἀνθρώποισι
1410 2089 1581 2168 μέγιστος,

647 2194 700 2266 Oi
719 2223 753 2266 τι
774 2201 875 2284 δέμας
896 2204 1072 2285 θνητοῖσιν
1094 2193 1226 2286 ὅμολος,
1250 2195 1354 2283 (οὐδὲ
1376 2197 1543 2286 rippale.

338 2327 435 2413 eujus
456 2321 572 2388 ultima
593 2319 696 2384 verba
718 2312 818 2386 aeide
839 2313 947 2404 νόημα
968 2340 988 2383 a
1012 2319 1172 2386 Varronis
1193 2323 1357 2386 sententia
1379 2339 1518 2404 prorsus
1540 2321 1649 2388 aliena
1670 2331 1767 2400 sunt,
1795 2324 1946 2410 aliosque
1967 2327 2023 2412 qui
2046 2337 2162 2393 contra

338 2444 497 2514 creditam
520 2441 657 2506 deorum
680 2438 824 2522 speciem
846 2437 1022 2502 humanam
1045 2439 1218 2522 compositi
1241 2452 1339 2516 sunt,
1367 2451 1403 2504 ut
1425 2459 1511 2525 quae
1536 2440 1643 2506 Varro
1650 2487 1663 2519 ,
1692 2440 1804 2507 multis
1833 2439 1918 2510 locis
1941 2444 2064 2510 similia
2087 2466 2160 2532 pro·

337 2561 463 2637 iesous,
477 2579 520 2624 ex
541 2559 614 2642 ipsa
630 2556 817 2622 Stoicorum
840 2555 991 2620 doctrina
1014 2556 1205 2638 depromere
1227 2558 1389 2640 potuerit:
1419 2557 1453 2622 in
1475 2557 1516 2620 iis
1539 2577 1626 2643 quae
1647 2557 1804 2648 leguntur
1824 2581 1875 2644 ap.
1902 2562 2034 2645 August
2056 2563 2092 2627 C.
2118 2563 2160 2628 D.

339 2679 396 2760 Vl,
418 2679 450 2744 ὅ.
473 2676 513 2744 cl.
538 2675 596 2754 lV,
619 2675 671 2740 λλ.
693 2683 726 2740 et
751 2671 922 2737 Boethium
945 2674 987 2738 de
1009 2673 1072 2738 diis
1092 2675 1127 2739 'et
1148 2693 1255 2758 praes.
1279 2695 1311 2759 p.
1334 2675 1413 2742 392:
1436 2673 1602 2741 »Primum
1626 2679 1749 2760 (genus
1771 2677 1970 2763 theologiae,
1991 2674 2160 2763 μοθικόν)

339 2799 431 2885 quod·
449 2797 536 2876 dixi,
565 2795 599 2859 in
628 2813 669 2859 eo
699 2803 779 2858 sunt
807 2791 911 2856 multa
939 2802 1054 2856 contra
1084 2792 1275 2878 dignitatem
1305 2803 1339 2858 et
1358 2803 1510 2858 naturam
1533 2795 1766 2860 immortalium
1789 2795 1886 2862 licta:
1915 2833 1950 2846 -··
1976 2799 2009 2861 in
2032 2797 2161 2863 hoo‘ut

339 2915 397 2980 dii
426 2913 560 2979 iurati
589 2911 695 2988 sint,
730 2922 767 2974 ut
795 2909 1143 2974 adulteraverint
1171 2911 1419 2976 deservierint
1447 2896 1590 2985 hominis
1628 2913 1769 2997 deniqne
1797 2915 1832 2978 in
1860 2914 1923 2980 hoc
1951 2917 2062 2982 omnia
2095 2917 2159 2978 diis

338 3034 572 3110 attribuuntur,
595 3047 770 3114 quaenon
792 3028 889 3090 modo
912 3027 945 3090 in
967 3027 1143 3104 hominem,
1165 3028 1346 3094 sedetiam
1368 3029 1402 3094 in
1425 3030 1741 3114 contemptissimum
1764 3029 1928 3098 hominem
1952 3027 2068 3099 cedere
2084 3050 2157 3114 pos·

338 3165 448 3230 suna«
473 3149 607 3234 propius
630 3147 672 3212 ed
690 3145 910 3228 Xenophauls.
928 3145 1030 3210 verba
1051 3147 1188 3224 accedit,
1205 3147 1405 3232 quaedem
1427 3147 1537 3212 indea
1555 3146 1756 3232 Xenophane
1771 3151 1868 3214 etiam
1886 3163 1960 3234 post
1976 3150 2159 3216 Varronem

338 3269 516 3336 multorum
525 3265 735 3332 sermonibus
745 3263 872 3348 prodita
887 3275 920 3328 et
935 3261 1509 3348 celebratalegunturep.Sest.Emp.
1521 3265 1626 3349 pallii.
1637 3265 1689 3330 ell.
1699 3263 1772 3332 280.
1783 3265 1878 3333 hacc:
1895 3264 2042 3349 „lirina
2055 3271 2158 3340 θεοῖς.

337 3382 510 3472 ἀνέθηκαν
531 3379 682 3470 Ὅμηρος
706 3371 741 3449 θ’
765 3371 921 3455 Ἡσίοδός
941 3403 979 3446 τε
991 3376 1106 3448 Ὄσσα
1127 3373 1203 3468 παρ’
1221 3374 1458 3469 ἀνθρώποισιν
1483 3374 1615 3448 ὀνείδεα
1636 3389 1692 3448 καλ
1705 3377 1821 3474 ,ψόγος
1842 3383 1922 3452 ἐστί.
1945 3385 1981 3452 Κ
1984 3387 2160 3450 trusere

337 3499 561 3588 μοιχεύειν
588 3523 626 3568 τε
653 3507 709 3566 καὶ
737 3491 896 3584 ἀλλήλους
924 3491 1146 3580 &narsem
1189 3500 1451 3587 Deniqueqnod
1475 3499 1583 3566 Varro
1606 3501 1783 3580 mundum,
1811 3503 1885 3566 sive
1912 3504 2027 3579 deum,
2050 3517 2159 3586 neque

339 3633 451 3688 natum
480 3641 556 3685 essa
577 3621 661 3686 dixit
682 3639 791 3704 neque
813 3617 1009 3684 moriturum
1031 3637 1126 3696 esse,
1155 3621 1189 3683 in
1217 3639 1282 3706 qua
1313 3617 1474 3716 Varronis
1496 3621 1659 3685 sententia
1682 3620 1837 3686 diluenda
1859 3619 1982 3685 multos
2008 3629 2062 3686 est
2082 3614 2160 3683 Ter-

337 3739 497 3806 tullianus
520 3737 562 3802 ad
584 3737 671 3802 Natt.
687 3735 767 3812 ll,3.
783 3735 886 3799 libros
900 3737 1141 3820 Antiquitatum
1163 3738 1263 3802 divin.
1277 3738 1472 3821 respiciens,
1484 3757 1648 3824 quamque
1666 3759 1707 3802 ex
1725 3751 1838 3803 sature
1850 3737 1918 3817 „de
1933 3729 2076 3804 ‘salute‘
2099 3733 2157 3817 (ci.

338 3858 422 3924 Non.
437 3865 543 3939 reget.
562 3853 619 3920 183
633 3857 647 3935 )
663 3851 935 3938 Philargyriusio
945 3853 1038 3938 Virg.
1049 3852 1169 3936 Georg.
1182 3853 1221 3930 ll,
1235 3853 1307 3920 336.
1323 3855 1374 3919 sic
1389 3856 1512 3938 prodit:
1531 3857 1715 3933 „mnndum
1730 3855 1818 3920 haud
1835 3869 1946 3922 natam
1962 3875 2038 3921 esse
2053 3873 2159 3939 neque

338 3979 462 4056 mori,“
473 3971 674 4038 simillimam
685 3969 791 4037 luisse
804 3969 1020 4058 Xenophonis
1030 3972 1218 4054 opinionem
1231 3993 1251 4038 a
1264 3971 1423 4038 Cicerone
1435 3975 1619 4039 edocemur.
1639 3975 1742 4038 Acad.
1757 3973 1798 4052 il,
1808 3975 1861 4054 37,
1881 3977 1945 4042 th
1960 3975 2073 4039 serbis
2089 3975 2160 4038 hier

337 4092 587 4178 „Xenophanes
609 4089 720 4174 paullo
742 4091 839 4155 etiam
861 4091 1041 4176 antiquior,
1062 4110 1162 4155 unum
1191 4109 1267 4156 esse
1292 4091 1403 4158 omnia
1433 4095 1553 4177 (neque
1581 4093 1615 4157 id
1638 4111 1716 4158 esse
1738 4092 1932 4174 mutabile),
1958 4101 1992 4156 et
2020 4093 2052 4154 id
2082 4109 2159 4156 esse

340 4217 457 4290 deum,
486 4229 593 4298 neque
614 4219 727 4274 natum
748 4227 910 4293 unquam,
939 4221 972 4273 et
993 4209 1247 4292 sempiternum,
1276 4209 1475 4296 conglobata
1498 4209 1644 4295 figura.“
1687 4209 1831 4287 Quaeri
1862 4209 1936 4274 sola
1958 4219 2159 4292 ponerentur

341 4333 523 4402 Varronem
547 4325 764 4412 Xenophauls
785 4345 882 4390 usum
904 4345 980 4392 esse
1001 4326 1139 4403 litteris,
1170 4347 1227 4410 per
1256 4347 1294 4392 se
1315 4328 1372 4392 vix
1395 4328 1493 4392 iidem
1515 4327 1681 4400 lacerent,
1709 4326 1769 4390 sed
1797 4343 1898 4410 quum
1927 4327 2022 4409 plura
2051 4343 2159 4411 eaque

339 4451 478 4516 certiora
499 4449 534 4514 in
557 4456 708 4532 promptu
730 4457 857 4520 essent,
878 4444 982 4508 ctiam.
999 4443 1082 4509 haec
1102 4445 1270 4510 ascribere
1292 4463 1389 4529 quam
1413 4443 1521 4510 celare
1543 4443 1728 4509 maluimus.

490 4567 520 4634 l.
566 4567 633 4632 Sed
656 4583 742 4650 quae
764 4563 937 4648 hucusque
959 4563 1000 4628 dc
1024 4561 1174 4628 Varrone
1196 4561 1392 4628 naturalium
1414 4573 1448 4628 ct
1473 4562 1667 4629 coelestium
1696 4579 1806 4626 rernm
1834 4549 2067 4628 curiosissimo
2093 4561 2158 4625 dis-

340 4686 610 4774 putavimume
631 4683 835 4767 praemunita
857 4681 955 4747 video
982 4697 1057 4745 csse
1079 4681 1276 4765 explicando
1297 4681 1371 4747 loeo
1390 4679 1582 4758 Ciceronis,
1605 4700 1720 4764 parum
1742 4699 1841 4765 quum
1865 4683 1906 4748 ab
1928 4681 2003 4745 aliis
2026 4691 2094 4745 tom
2116 4679 2157 4746 ab

340 4803 504 4880 Oehlero,
532 4801 708 4866 intellecto.
754 4801 907 4865 Omnium
929 4799 1164 4884 gravissimum
1186 4801 1273 4864 enim
1295 4799 1517 4865 testimoninm
1546 4817 1613 4864 nou
1634 4797 1743 4864 solum
1772 4801 1814 4864 de
1842 4796 2068 4884 philosophia,
2098 4798 2156 4862 sed

338 4926 381 4989 de
410 4919 564 4987 omnibus
593 4916 662 4982 lere
691 4919 810 4984 litteris
840 4917 1003 4983 Varronis
1032 4916 1149 4984 Cicero
1181 4917 1315 5001 protulit
1337 4920 1369 4982 in
1395 4919 1495 4983 Acad.
1521 4917 1547 4995 l,
1567 4921 1598 4984 2.
1621 4917 1666 4998 8.,
1690 4919 1745 4984 ubi
1769 4917 1954 4984 Varronem
1977 4917 2084 4998 ipsum
2110 4915 2158 4982 di·
2272 4983 2275 4992 ,

338 5053 465 5110 centem
487 5035 566 5104 lecit
588 5035 690 5102 haec:
720 5035 788 5117 „lit
809 5046 917 5102 tamen
938 5035 1062 5104 inillis
1084 5037 1253 5103 veteribus
1275 5035 1420 5113 nostris,
1449 5055 1555 5122 quae,
1585 5036 1776 5122 Menippum
1798 5035 1941 5132 imitati,
1971 5053 2038 5100 non
2060 5036 2157 5106 inter·

2298 699 2303 710 a

2253 934 2255 944 ι

2221 2795 2227 2806 1
