4738 5744
1036 387 1394 478 ..p..⁴

232 628 366 716 pretati,
390 627 533 712 quadam
551 625 721 694 'hilaritate
749 629 1018 713 conspersimns,
1047 629 1152 696 multa
1173 630 1321 696 admixta
1341 647 1391 696 ex
1418 628 1567 696 intima
1596 625 1824 714 philosophia,
1846 627 1950 694 multa
1971 627 2060 694 dicta

230 746 419 814 dialectice:
436 765 522 832 quae
538 767 604 834 quo
619 745 750 816 lacilius
764 746 875 814 minus
896 747 989 816 docti
1008 747 1244 835 intelligerent,
1253 749 1465 835 jucunditate
1487 748 1629 844 quadam
1651 747 1695 814 ad
1717 746 1894 844 legendum
1915 746 2057 826 invitati,

228 865 264 930 in
285 863 545 942 laudationibus,
566 865 602 932 in
623 863 677 932 his
698 865 782 950 ipsis
805 865 1038 952 antiquitatum
1059 869 1259 952 prooemiis,
1282 865 1511 954 philosophica
1531 867 1678 934 scribere
1700 863 1886 941 voluimns;
1908 863 1938 928 si
1960 863 2058 928 modo

227 983 399 1050 consecuti
426 1001 575 1048 sumas«
619 983 674 1054 Ad
695 1001 783 1070 quae
804 985 923 1052 Cicero
944 985 1140 1070 respondet3
1171 987 1280 1054 :Sunt
1300 987 1385 1063 ista,
1408 983 1526 1052 Varro.
1576 984 1660 1050 Nam
1682 1004 1746 1050 nos
1774 984 1810 1050 iu
1838 992 1955 1048 nostra
1975 981 2058 1047 urbe

230 1101 480 1192 peregrinantes
497 1137 533 1148 -
551 1101 600 1170 tui
614 1101 692 1170 libri
713 1102 809 1190 quasi
830 1103 966 1170 domum
987 1103 1206 1172 deduxerant.
1221 1139 1258 1154 -
1272 1139 1315 1154 -
1336 1103 1388 1170 Tu
1410 1103 1557 1170 omnium
1572 1101 1759 1180 divinarum
1774 1099 2060 1186 humanarumque

228 1237 338 1284 rerum
360 1221 507 1298 nomina,
527 1239 663 1307 genera,
685 1218 812 1301 officia;
832 1240 988 1288 causas
1009 1222 1189 1306 aperuisti:
1207 1257 1245 1270 -
1263 1257 1301 1272 -
1318 1231 1419 1310 atque
1432 1223 1505 1306 ipse
1526 1221 1657 1286 varium
1679 1230 1712 1285 et
1733 1219 1874 1306 elegans
1888 1216 2058 1288 omnisere

229 1353 367 1406 numero
390 1355 508 1422 meme
527 1337 659 1418 iecisti,
687 1336 993 1426 philosophiamque
1014 1339 1128 1406 multis
1149 1339 1235 1406 locis
1255 1338 1440 1420 inchoasti,
1463 1340 1506 1406 ad
1528 1337 1762 1423 impellendum
1784 1339 1888 1437 satis,
1915 1338 1958 1404 ad
1980 1337 2057 1402 edo·

228 1454 367 1522 oendurn
396 1461 553 1542 parum.“
596 1456 711 1524 Orelli.
755 1456 844 1524 luter
863 1457 980 1536 libros,
1002 1477 1088 1544 quos
1118 1456 1226 1524 Varro
1249 1459 1290 1524 da
1312 1455 1525 1543 philosophia
1546 1457 1750 1542 scripsisset,
1773 1455 1959 1522 enumerari
1987 1465 2057 1520 tres

228 1573 446 1659 scriptionest
466 1585 662 1662 saturas,
682 1575 982 1655 laudationes,
1003 1575 1223 1660 prooemia
1242 1577 1567 1662 antiquitatum,
1589 1585 1720 1660 praeter
1735 1573 1912 1642 Oehlerum
1927 1593 2055 1654 omncs,

110 1779 113 1787 Α
229 1691 285 1776 qai
308 1691 350 1758 de
370 1691 435 1760 hoc
455 1692 531 1762 ioco
553 1693 759 1778 scripserunt
779 1695 845 1762 viri
867 1695 975 1776 docti,
998 1693 1205 1762 intellexisse
1225 1693 1335 1761 video.
1379 1693 1448 1762 Sed
1470 1695 1577 1778 primo
1599 1693 1675 1760 loco
1696 1693 1891 1784 videamus,
1913 1691 1994 1778 qnid
2016 1691 2057 1756 de

228 1809 360 1878 Saturis
382 1811 586 1880 censendum
608 1813 662 1878 sit
699 1811 897 1880 Exanimis
919 1813 1105 1899 Menippeis
1126 1824 1233 1879 ortum
1259 1811 1520 1896 Varroniquasi
1542 1829 1725 1898 cognomen
1746 1811 1934 1896 Menippen.
1980 1808 2055 1884 Quo

227 1929 362 1994 nomine
390 1929 448 2014 qui
477 1929 524 1994 ita
551 1939 707 2010 utuntur,
737 1941 775 1996 ut
803 1949 919 1998 omnes
942 1930 1038 1998 locos
1066 1931 1131 1998 hcc
1159 1931 1292 1998 nornine
1320 1930 1470 2016 insignes
1498 1929 1542 1996 cd
1571 1930 1713 1994 Saturus
1740 1939 1915 2008 revocant,
1945 1946 2057 1994 errare

228 2056 355 2112 eertum
387 2056 448 2110 est.
494 2045 624 2114 Probus
656 2049 744 2116 enim
768 2048 860 2134 Virg.
884 2048 954 2116 Ecl.
978 2048 1037 2130 Vl,
1058 2049 1111 2116 31.
1144 2071 1173 2134 p.
1196 2048 1270 2116 352.
1317 2047 1414 2123 hicn,
1443 2033 1552 2114 rerum
1581 2046 1800 2123 humanarum
1834 2047 2057 2132 antiquitates
2175 2129 2186 2142 „

228 2163 263 2230 in
284 2164 508 2230 testimonium
531 2185 669 2246 vocans,
699 2177 776 2252 post
804 2166 966 2234 Varronis
987 2187 1108 2236 nomen
1128 2167 1238 2234 addit:
1268 2168 1347 2252 aqui
1367 2167 1435 2250 (sic
1456 2165 1505 2250 (i)
1529 2164 1725 2250 ltlcnippeus
1746 2165 1876 2232 dictos«
1900 2164 2056 2250 reliqua).

227 2280 319 2350 Etsi
341 2285 590 2369 grammaticum
618 2286 787 2352 doctrinae
815 2286 912 2371 copia
939 2285 1026 2352 male
1052 2286 1242 2354 abutentem
1268 2285 1378 2352 minus
1407 2285 1563 2350 idoneum
1594 2294 1709 2354 testem
1739 2301 1815 2352 esse
1832 2282 2055 2372 judicaveris,

211 2381 325 2474 'adest
345 2400 566 2487 Symmachus
587 2403 629 2469 de
642 2402 834 2488 'imaginum
856 2404 950 2470 libris
972 2404 1113 2490 loquens
1133 2399 1217 2490 Epp.
1240 2403 1266 2486 l,
1287 2406 1319 2472 t.
1342 2402 1414 2470 his:
1439 2403 1605 2468 »studium
1634 2413 1669 2468 tu
1690 2402 1821 2488 quidem
1845 2400 2055 2486 hlenippei

226 2519 390 2586 Varronis
412 2521 596 2601 intarta«
627 2533 660 2588 et
687 2521 912 2590 Tertullianus
942 2522 1076 2608 Apolog
1104 2545 1133 2590 c.
1168 2524 1235 2604 te,
1269 2523 1327 2608 qui
1359 2541 1580 2600 enumerans,
1614 2521 1672 2608 qui
1705 2520 1785 2608 quid
1817 2520 2056 2588 contumeliose

227 2636 263 2702 in
292 2636 374 2704 deos
401 2636 582 2715 lusissent,
609 2638 755 2708 laudatis
785 2643 909 2726 poetis,
939 2641 974 2708 in
1003 2639 1211 2727 philosophis
1233 2641 1366 2724 (ataceo
1396 2641 1437 2708 dc
1460 2638 1704 2726 philosophis«)
1733 2649 1810 2723 post
1831 2637 2002 2706 Socratem
2025 2649 2057 2702 et
2129 2731 2132 2738 Ι

227 2749 457 2839 Diogenem
471 2755 655 2824 Varronem
669 2758 782 2846 ultimo
794 2760 868 2828 loco
881 2769 917 2826 ut
927 2761 1093 2846 quendam
1107 2759 1281 2828 irrisorum
1293 2759 1472 2844 principem
1485 2759 1596 2844 posuit
1610 2758 1662 2824 his
1675 2757 1804 2822 verbis:
1822 2769 1874 2822 „ct
1886 2757 2057 2826 Romanus
2167 2745 2172 2748 ’

147 2893 148 2897 ’
227 2870 375 2955 Cynicus
392 2872 500 2940 Varro
516 2865 669 2956 (ad'natt.
688 2876 722 2956 1.,
741 2880 789 2946 10.
814 2877 923 2948 Latini
938 2877 1007 2944 stili
1023 2878 1209 2963 Diogenes)
1225 2889 1388 2948 trecentas
1401 2874 1517 2958 loves,
1533 2877 1608 2942 sive
1622 2875 1790 2960 Jupiteres
1805 2875 1980 2942 dicendum
1998 2876 2057 2958 (ad

223 3000 305 3056 natt.
321 2990 591 3077 dicenturnam)
613 2997 687 3068 siaa
708 2989 875 3080 capitibus
896 2997 1083 3069 introdusit
1097 2997 1156 3077 (ad
1171 3007 1268 3062 nata:
1286 2995 1463 3079 induxitis
1496 2994 1627 3060 irrisum
1642 2994 1678 3058 in
1691 2992 1744 3060 his
1760 2993 1856 3061 video
1874 2993 2057 3076 Varronem
2113 3019 2125 3030 ·

225 3127 292 3172 non
320 3089 527 3176 irridentem:
557 3131 634 3182 nam
657 3112 852 3184 Tertulliani
874 3133 952 3178 essa
972 3114 1049 3182 illos
1071 3112 1175 3182 loros
1196 3114 1270 3180 sive
1291 3111 1477 3198 Jupitcras,
1507 3113 1592 3180 satis
1614 3111 1738 3180 clarum
1759 3123 1812 3182 est
1839 3129 1881 3178 ex
1903 3133 1944 3176 eo
1966 3112 2055 3198 quod

225 3225 321 3290 'addi-r
353 3227 448 3294 asise
469 3229 643 3298 dicandum
665 3241 749 3300 ests
795 3229 902 3310 Quam
926 3231 1053 3312 Varro,
1082 3230 1200 3310 lovem
1221 3233 1380 3302 mnndum
1401 3233 1518 3298 dicens
1538 3249 1637 3310 esse,
1652 3231 1843 3298 'rotundum
1868 3229 1978 3312 illum,
2009 3231 2055 3304 tin

224 3363 292 3428 qno
314 3341 389 3410 loco
419 3344 647 3418 Tertullianus
668 3351 742 3432 ipae
764 3359 918 3418 versatus
938 3369 1016 3418 essa
1037 3350 1170 3420 videtur
1190 3349 1265 3420 loco
1287 3350 1466 3418 admodum
1487 3349 1598 3418 lacero
1619 3349 1672 3416 ad.
1695 3348 1783 3414 Noti.
1801 3347 1853 3426 ll,
1874 3351 1904 3420 4.
1928 3369 1957 3430 p.
1987 3346 2055 3418 tte.

222 3461 286 3544 in.)
314 3459 459 3529 humana
488 3463 597 3550 ligura
625 3467 744 3538 malins
771 3479 957 3554 carentem,
984 3487 1052 3559 qua
1080 3469 1236 3554 opinione
1262 3468 1363 3538 atium
1399 3466 1624 3554 Xenophanes
1658 3463 1737 3547 luit,
1772 3467 1944 3552 proposuit
1979 3485 2054 3531 sen·

224 3581 371 3662 tentiam,
394 3601 466 3648 enm
488 3581 717 3660 Tertullianus
736 3587 882 3660 breviter
904 3587 1109 3670 perstrinxit,
1132 3586 1321 3668 verbosius,
1342 3585 1424 3652 deon
1445 3583 1523 3652 illos
1545 3605 1631 3671 quos
1652 3586 1687 3652 in
1708 3583 1792 3681 qua
1813 3584 1925 3652 inesse
1947 3583 2054 3652 Varro

225 3709 421 3780 putaverat,
446 3701 539 3786 ipsos
567 3723 765 3778 enumerans
794 3705 1005 3795 Augustinus
1028 3703 1065 3772 G.
1090 3703 1131 3776 D.
1156 3701 1214 3792 lV,
1247 3707 1293 3770 ll.
1324 3713 1462 3792 uterque
1486 3701 1647 3770 Varronis
1668 3713 1810 3768 mentem
1831 3701 1960 3774 insulse
1982 3721 2055 3787 per·

227 3825 371 3882 vertens.
423 3817 530 3892 Quam
559 3839 628 3892 rem
657 3821 791 3892 omnino
819 3822 988 3905 perspexit
1020 3819 1304 3906 llarercampioa,
1339 3837 1539 3909 quamquam
1565 3821 1600 3888 is
1631 3820 1730 3904 etiam
1762 3821 1835 3912 ipse
1869 3821 2052 3888 Varronem

224 3932 358 4022 oblique
379 3936 414 4000 in
433 3935 487 4000 his
508 3949 674 4010 aaronem
695 3940 795 4012 deum
809 3937 959 4008 Stoicum
972 3937 1174 4030 deprehendi
1198 3940 1307 4008 minus
1327 3951 1417 4006 recta
1437 3939 1502 4004 sibi
1523 3939 1698 4026 persuasit.
1735 3937 1942 4026 Nequeerat
1963 3941 2052 4028 quod
2076 3981 2081 3988 -

223 4052 375 4120 haereret
398 4053 433 4118 in
447 4053 550 4123 verbo
572 4056 822 4136 inducendit
844 4068 1021 4144 utrumque
1035 4059 1134 4140 enim,
1149 4069 1183 4124 et
1196 4058 1375 4126 inducendi
1387 4069 1421 4123 et
1433 4057 1663 4126 introducendi
1680 4058 1816 4124 verbnm
1829 4053 1986 4149 frequens
2000 4067 2053 4142 est

223 4173 257 4238 in
271 4172 370 4240 noris
392 4169 662 4260 philosophorum
683 4175 829 4248 torenna
851 4175 1090 4248 describendis.
1135 4175 1254 4244 Cicero
1275 4175 1315 4242 ll.
1333 4175 1373 4245 D.
1390 4174 1443 4256 ll,
1463 4175 1516 4242 30.
1539 4175 1685 4248 Caenear
1706 4175 1747 4242 Ν.
1765 4175 1807 4241 l).
1825 4174 1861 4256 1.,
1885 4176 1934 4244 16.
1952 4195 1984 4266 ιι.
1998 4177 2051 4244 lh.

224 4289 337 4364 Quare
359 4289 541 4370 oehlerus,
565 4289 804 4368 Tertullianum
831 4292 979 4366 Romano
1001 4291 1129 4376 Cynico
1151 4293 1285 4364 laudato
1314 4291 1427 4364 arelat
1448 4293 1550 4378 digito
1580 4295 1676 4378 nobis
1697 4303 1992 4374 commonstrem,
2016 4293 2050 4360 in

226 4407 413 4492 cuiusmodi
441 4409 526 4476 libro
554 4409 695 4480 ridicula
722 4413 787 4480 ista
815 4409 937 4486 lorum
967 4411 1021 4484 nel
1050 4411 1234 4498 Jupiterum
1258 4409 1384 4480 cohors
1411 4409 1532 4482 luisset
1559 4413 1778 4488 introducta«
1810 4419 1944 4476 saturas
1972 4431 2049 4491 earn

223 4523 343 4592 librum
363 4545 440 4594 asse
460 4528 595 4613 putans,
617 4529 639 4600 Ι.
656 4530 686 4600 l·
703 4550 731 4614 p·
744 4529 797 4604 dd.
814 4527 912 4600 nobis
933 4530 1066 4622 quiden
1086 4549 1194 4620 nequa
1215 4531 1352 4616 dajpsa
1372 4499 1437 4600 loci
1458 4530 1622 4598 sentemia
1635 4547 1741 4614 neque
1756 4526 1798 4594 de
1812 4525 1911 4607 niro,
1933 4530 1967 4600 in
1983 4550 2049 4617 quo

224 4643 337 4727 posita
357 4641 469 4721 luerit,
489 4647 663 4730 personale
708 4647 858 4730 maius,
880 4662 917 4716 nt
938 4661 1032 4735 puto,
1053 4671 1075 4716 a
1096 4647 1258 4724 lilerkelio
1280 4669 1311 4735 p.
1334 4650 1408 4720 ttl.
1430 4649 1514 4724 haec
1536 4649 1641 4714 verba
1658 4644 1851 4734 fragmentis
1872 4648 2049 4738 Antiquitt.

105 4855 112 4868 ι
222 4761 291 4826 div.
313 4772 530 4829 annumerata
543 4775 635 4844 sunt,
650 4785 750 4864 quarn
771 4765 837 4863 ipsi
850 4767 975 4840 dadam
997 4769 1232 4852 proposuimus
1245 4768 1441 4836 seutentiam
1455 4767 1489 4834 in
1504 4763 1623 4833 libella
1637 4765 1682 4832 de
1701 4785 1811 4834 cauas.
1827 4777 1973 4854 corrupt.
1989 4768 2047 4839 rel.

223 4879 319 4946 Rom.
342 4901 376 4966 p.
393 4881 445 4948 en.
474 4915 507 4930 ··
531 4880 657 4952 Verum
678 4885 958 4970 stoderaniam
979 4905 1168 4972 tergamus,
1189 4887 1223 4952 in
1245 4885 1378 4954 Saturis
1399 4885 1516 4954 Cicero
1537 4885 1629 4962 dicit,
1650 4881 1752 4956 multe
1772 4881 1879 4963 luisse
1902 4885 2048 4956 admixta

223 5015 265 5062 ex
296 4999 412 5066 intima
445 4997 670 5084 philosophie,
702 5004 805 5076 multa
836 5005 929 5082 dicte
959 5003 1142 5080 dialectice.
1166 5007 1298 5090 ‘Atque
1328 5003 1406 5088 quid
1436 5003 1479 5070 de
1506 5003 1689 5070 dialecticis
1710 5003 1900 5096 tradiderit,
1929 5023 2046 5090 parum

221 5113 345 5202 liquem
373 5117 578 5242 paucissima
604 5119 692 5190 anim
720 5117 903 5216 fragmenta
924 5123 990 5202 bun
1010 5123 1096 5195 trahi
1118 5143 1219 5216 possa
1241 5119 1446 5196 intellexisse
1466 5121 1546 5196 mibi
1567 5122 1703 5206 aldeam
1719 5131 1878 5293 {operest
1897 5121 2045 5194 intima

1413 5313 1440 5356 s
