4738 5744
1071 1541 1225 1648 Caput
1261 1547 1291 1626 1.

677 1714 766 1795 lte
798 1713 1174 1850 Philosophia
1198 1716 1271 1800 nr.
1298 1718 1363 1802 Τ.
1391 1661 1682 1806 varronts.

289 1987 292 1995 Δ
357 1968 385 2033 l.
423 1901 563 2026 Multo
592 1961 626 2026 iu
653 1960 779 2028 honore
805 1961 868 2029 luit
897 1965 984 2048 apud
1013 1967 1170 2052 antiquos
1191 1965 1236 2032 lli.
1259 1965 1297 2031 Τ.
1324 1965 1486 2032 Varronis
1506 1967 1725 2053 philosophia.
1771 1967 1886 2053 Neque
1915 1965 2089 2032 immerito.

168 2117 173 2124 -
271 2079 357 2147 Nam
386 2083 419 2149 iu
449 2083 701 2170 philosophandi
729 2105 855 2172 genus,
884 2087 973 2172 quod
1000 2099 1072 2155 erat
1099 2090 1141 2155 de
1169 2089 1240 2155 vita
1268 2108 1309 2154 ac
1336 2089 1505 2168 moribus,
1528 2073 1618 2156 ¹libro
1640 2088 1801 2174 singulari
1822 2091 1996 2167 tractavit,
2023 2107 2091 2175 quo

216 2215 228 2220 ·
271 2200 420 2266 scribens
442 2202 634 2288 desummo
655 2201 764 2282 hono,
786 2223 888 2289 quum
909 2204 1073 2290 insignem
1096 2205 1267 2272 adhiberet
1287 2206 1502 2273 subtilitatem
1524 2209 1730 2285 disserendi,
1755 2209 1797 2272 ad
1820 2207 1980 2272 ducentas
2001 2218 2092 2273 octo·

269 2318 362 2403 ginta
384 2330 460 2385 octo
484 2319 756 2404 philosophorum
778 2333 907 2402 sectas,
940 2343 1027 2388 anon
1057 2342 1142 2410 qtrae
1164 2336 1294 2404 essent,
1318 2326 1377 2390 sed
1399 2345 1484 2411 quae
1505 2345 1583 2392 esse
1604 2337 1773 2410 possent·
1798 2326 1958 2410 pervenit,
1986 2307 2092 2411 ‘cujus
2219 2315 2223 2328 ’

270 2433 344 2501 libri
373 2436 501 2522 aliquot
528 2439 621 2504 locos
650 2439 860 2525 Augustinus
889 2442 1039 2506 servavit
1067 2441 1104 2508 0.
1128 2441 1170 2508 D.
1192 2442 1249 2507 lib.
1274 2443 1361 2509 xlx.
1386 2463 1414 2509 c.
1441 2447 1467 2510 l.
1491 2465 1521 2532 p.
1548 2443 1629 2512 uto
1658 2445 1725 2526 (cd.
1748 2443 1827 2510 Bas.
1854 2443 1964 2527 tatu.)
1986 2461 2093 2529 seqq,

271 2555 328 2620 uhi
350 2554 506 2639 leguntur
527 2556 626 2622 haee:
651 2585 667 2618 o
681 2593 715 2604 -
740 2556 904 2670 nulla’est
925 2557 1051 2637 homini
1073 2579 1176 2626 causa
1198 2537 1560 2652 philosophandi,.uisi
1583 2572 1619 2626 ut
1641 2563 1758 2628 heatus
1782 2562 1836 2626 sit.
1870 2563 1960 2646 quod
1983 2569 2092 2625 autem

270 2673 403 2738 beatum
424 2672 523 2752 facit,
545 2677 617 2758 ipse
638 2683 691 2739 est
711 2671 789 2741 finis
811 2677 921 2741 honi«
944 2696 972 2742 c.
995 2676 1025 2743 3.
1049 2697 1081 2762 p.
1110 2678 1197 2744 tlt5.
1225 2681 1290 2741 ia·-
1314 2679 1477 2744 hominem
1500 2699 1562 2746 nee
1583 2681 1726 2746 animam
1748 2679 1873 2757 solam,
1901 2699 1965 2744 neo
1985 2677 2093 2744 solum

271 2809 406 2874 corpus,
428 2792 487 2856 sed
509 2792 652 2858 animaru
675 2793 775 2858 simul
797 2805 830 2860 et
851 2813 974 2879 corpus
994 2813 1070 2860 esse
1093 2797 1280 2862 arbitratur.
1306 2795 1363 2878 (ol.
1389 2796 1477 2862 Vatrr
1497 2817 1551 2881 ap.
1577 2799 1661 2883 Aug.
1687 2797 1724 2863 Ο.
1749 2797 1788 2863 1)..
1814 2797 1886 2877 Vll,
1909 2797 1969 2878 6.).
2015 2793 2095 2859 Pro·

270 2909 348 2974 inde
368 2927 531 2974 summum
553 2911 676 2976 bonum
692 2909 847 2994 hominis,
874 2934 940 3001 quo
962 2914 1007 2978 sit
1028 2915 1157 3000 heatus,
1179 2935 1220 2978 ex
1242 2918 1416 3002 utriusque
1438 2917 1486 2981 rei
1509 2916 1605 2982 honis
1626 2927 1780 2981 constare
1795 2916 1885 2996 (licit,
1909 2925 1941 2980 et
1963 2913 2093 2978 animae

269 3013 399 3094 scilicet
419 3038 453 3092 et
474 3030 633 3110 eorporis.
680 3031 730 3096 Ac
750 3051 809 3116 per
830 3031 894 3099 hoc
915 3033 1019 3116 prima
1039 3029 1099 3098 illa
1121 3041 1260 3098 naturae
1281 3030 1341 3116 (τὰ
1355 3036 1473 3119 πρῶτα
1487 3027 1630 3121 φύσεως,
1646 3053 1731 3119 quae
1745 3033 1858 3098 Varro
1871 3021 1899 3098 c.
1916 3031 1945 3099 3.
1963 3030 2093 3116 oprimi·

180 3169 190 3180 ·
269 3147 387 3232 genta
419 3135 541 3229 vocat)
570 3158 705 3231 propter
733 3168 771 3212 se
799 3150 872 3233 ipsa
902 3151 1068 3214 existimat
1094 3169 1171 3216 asse
1192 3153 1395 3236 expetenda,
1425 3153 1599 3238 ipsamque
1619 3153 1793 3230 virtutem,
1822 3171 1920 3240 quum
1943 3132 2093 3215 (lontrina

269 3264 388 3330 inserit
410 3264 502 3330 velut
522 3273 625 3330 artem
649 3265 802 3344 vivendi,
832 3269 973 3352 quaein
995 3269 1125 3334 animae
1147 3270 1318 3336 honisest
1343 3269 1658 3336 excellentissimum
1681 3267 1836 3337 bonum«
1868 3305 1908 3318 -
1937 3267 1980 3333 ih.
2005 3283 2093 3332 enon

269 3383 357 3448 enirn
378 3380 443 3446 hoc
463 3392 515 3446 est
534 3381 623 3459 rita,
646 3383 735 3467 quod
757 3385 881 3466 virtus,
905 3389 1062 3472 quoniam
1083 3407 1151 3460 non
1174 3390 1282 3454 omnis
1305 3389 1393 3466 rita,
1416 3389 1475 3454 sed
1498 3390 1632 3474 sapiens
1654 3389 1724 3455 vita
1746 3388 1852 3454 virtus
1880 3395 1962 3454 ests
1988 3421 2025 3432 -
2048 3383 2092 3450 ih.

272 3530 339 3564 ι-
369 3495 464 3566 Hauc
491 3499 593 3575 vitam
621 3499 748 3566 beatam
777 3503 876 3568 etlam
905 3505 1109 3571 socialem
1138 3503 1311 3589 perhibent
1340 3525 1435 3585 esse,
1463 3527 1550 3591 quae
1579 3509 1761 3587 amicorum
1789 3508 1878 3572 hona
1899 3487 2032 3590 propter
2054 3519 2093 3566 se

269 3618 344 3703 ipsa
363 3617 482 3704 diligat
504 3618 594 3684 siout
614 3637 689 3700 sua,
712 3621 827 3707 eisque
850 3633 983 3706 propter
1004 3643 1041 3688 se
1062 3625 1156 3708 ipsos
1178 3621 1242 3688 hoo
1263 3622 1355 3704 velit,
1380 3625 1467 3709 quod
1491 3625 1573 3689 sibl:
1596 3625 1669 3691 sive
1691 3625 1726 3689 iu
1748 3625 1845 3688 domo
1867 3623 1935 3688 sint
1960 3655 1993 3668 -
2018 3620 2092 3686 sive

270 3735 304 3800 in
325 3737 413 3814 loeo,
432 3737 489 3802 uhi
512 3737 631 3802 domus
654 3739 727 3824 q'us
749 3736 811 3818 est,
834 3740 923 3804 sicut
943 3753 995 3806 est
1016 3741 1134 3821 urbs,
1165 3751 1209 3806 ut
1237 3737 1335 3807 sunt
1363 3741 1423 3819 hi,
1451 3743 1521 3827 qui
1550 3743 1668 3807 oivea
1697 3742 1921 3823 vocantur}
1950 3739 2022 3806 sive
2050 3737 2092 3802 in
2195 3716 2198 3724 “

270 3853 371 3919 orhe
392 3863 499 3933 toto,
529 3865 567 3920 ut
588 3865 667 3920 sunt
687 3865 823 3942 gentes,
850 3875 957 3942 quas
975 3860 1020 3940 ,ei
1043 3859 1234 3924 societas
1256 3859 1433 3925 humana
1459 3859 1692 3946 conjungit.
1718 3892 1754 3906 *-
1776 3875 1808 3943 p'.
1833 3859 1925 3925 lilii.
1951 3887 2018 3922 a·-
2040 3855 2092 3922 Ex

269 3971 376 4038 trihus
397 3987 498 4054 porro
520 3971 589 4034 illis
610 3973 697 4038 vitae
719 3976 916 4059 generiam,
946 3977 1074 4056 otioso,
1103 3987 1260 4058 actuoso,
1290 3989 1329 4058 et
1344 3978 1434 4064 quod
1455 3998 1497 4043 ex
1519 3988 1660 4064 utroque
1685 3978 1907 4062 compositum
1928 3973 2009 4053 est,
2027 3973 2091 4039 hoc
2185 3967 2191 3974 ’

270 4091 401 4156 tertium
417 4089 480 4154 sibi
496 4079 633 4172 placere
651 4104 854 4157 asseverant.
900 4093 990 4159 llaec
1011 4096 1160 4161 sensisse
1182 4103 1282 4182 atque
1304 4096 1459 4162 docuisse
1474 4097 1694 4162 Academicos
1717 4106 1848 4162 veteres
1871 4093 1979 4159 Varro
2000 4109 2091 4156 asse·

270 4209 333 4285 rit,
360 4218 496 4274 auctore
519 4205 703 4288 Antiocho,
733 4211 892 4293 magistro
914 4211 1088 4278 Ciceronis
1110 4223 1316 4279 11511011-
1340 4207 1591 4298 Exscripsimus
1613 4213 1806 4310 ampliorem
1820 4213 1902 4300 eJus·
1916 4207 2098 4294 fragmenti*
2156 4243 2160 4251 =

269 4335 409 4410 partem,
429 4335 467 4392 ut
488 4323 710 4410 intelligatur,
738 4313 824 4412 quae
845 4326 943 4393 inerit
965 4330 1062 4414 quasi
1083 4349 1213 4396 summa
1234 4350 1368 4408 eorum,
1391 4351 1476 4415 quae
1500 4331 1608 4398 Varro
1630 4333 1671 4398 de
1697 4333 1766 4399 uita
1786 4351 1826 4397 ac
1847 4329 1994 4394 moribus
2015 4345 2090 4392 sen·

270 4445 364 4508 sarit·
400 4445 633 4510 Verumtamen
652 4445 717 4510 nisi
736 4443 891 4533 perlectis
902 4448 1040 4532 integris
1052 4448 1119 4514 illis
1131 4449 1214 4513 locis
1226 4458 1350 4514 cantuar
1358 4449 1521 4534 judicium
1533 4452 1574 4516 ule
1585 4451 1628 4515 ils
1639 4463 1724 4537 quae
1732 4447 1875 4518 Varroni
1891 4445 2097 4532 placuerint,

270 4551 401 4646 quaeve
420 4563 496 4647 ejtrs
510 4562 609 4628 luerit
627 4564 813 4629 disserendi
828 4568 925 4645 ratio,
936 4552 1050 4633 iacere
1066 4575 1130 4632 u'on
1145 4568 1279 4653 poteris.
1315 4567 1397 4633 Nam
1414 4587 1515 4654 quum
1540 4570 1699 4634 ducentas
1721 4565 1796 4632 illas
1821 4565 1992 4650 octoginta
2012 4573 2090 4630 octo
2108 4569 2113 4580 ’

270 4687 395 4757 sectas,
413 4679 561 4772 'mirilico
581 4681 722 4746 artificio
745 4699 841 4759 usus,
861 4686 1104 4769 excogitasset,
1126 4688 1403 4770 remotisoeteris
1424 4659 1599 4764 omuibus,
1625 4686 1755 4752 tandem
1774 4684 1809 4749 iu
1832 4681 2013 4749 Academia
2024 4671 2090 4746 've-

269 4796 330 4861 tcri
352 4797 532 4882 acquievit,
554 4799 651 4883 cnjus
674 4799 795 4882 placita
816 4782 958 4866 uberius¹
974 4818 1149 4868 enarrasse
1171 4806 1359 4870 censendus
1380 4816 1442 4870 est.
1482 4803 1690 4888 Augustinus
1707 4803 1795 4868 enirn
1819 4809 1998 4887 »quantum
2017 4801 2089 4865 bre-

155 4965 161 4968 .
268 4907 354 4981 vite'r
375 4925 554 5001 apertaque
577 4915 625 4998 (i)
647 4929 795 5000 poterutoe
826 4921 868 4984 rle
895 4939 936 4985 eo
964 4939 1085 5004 genere
1115 4924 1202 5008 quod
1228 4923 1334 4988 Varro
1356 4921 1456 5005 elegit
1483 4921 1619 4988 disserit
1646 4942 1673 4987 o.
1703 4921 1734 4988 3.
1779 4920 1878 4996 Quod
1907 4930 2006 5005 caput
2033 4917 2090 4983 uhi

271 5028 461 5116 diligentius
491 5032 631 5099 lustravi
661 5034 750 5099 illico
777 5037 811 5101 in
841 5057 986 5104 eamme
1014 5051 1143 5124 raptam
1173 5044 1263 5106 sensi
1294 5039 1501 5122 opinionem,
1536 5051 1571 5105 ut
1608 5057 1693 5126 quae
1722 5037 1841 5106 Cicero
1871 5039 1974 5104 Acad.
2004 5033 2036 5114 l,
2057 5035 2088 5100 ll.

270 5148 462 5219 Varronem·
475 5153 692 5220 disserentem
713 5150 794 5220 saoit
827 5174 900 5222 oum
922 5152 996 5237 his,
1018 5177 1104 5244 quae
1132 5161 1220 5245 apud
1243 5157 1465 5242 Augustinum
1493 5169 1644 5241 exstant,
1667 5157 1803 5227 intimae
1829 5155 1999 5225 societatis
2020 5153 2091 5220 vin·

1766 5277 1785 5342 1
