4738 5744
1028 405 1257 486 ...pq-

235 635 452 718 abstiauisse,
471 633 533 704 sed
552 634 776 704 abmisouissa
792 653 885 722 quae
905 635 1133 704 murtaaatbt
1155 637 1276 706 idonea
1295 635 1489 704 viderentur
1509 635 1561 702 ed'
1573 652 1683 702 rernm
1705 635 1827 702 oausa's
1841 631 2066 748 explicandas·

233 755 359 842 plaeita
378 753 582 833 Stoicorum,
602 752 687 823 etsi
706 771 795 840 quas
815 773 892 822 uum
912 752 967 820 his
984 754 1102 844 Qua
1122 757 1333 852 augustianis
1355 755 1514 822 sooietata
1541 755 1720 841 oonjnnota
1746 771 1825 820 esse
1851 751 2055 818 riderentur.

234 872 409 960 Ep'usrnodi
430 871 589 938 librarum
610 891 633 940 s
654 870 815 942 cinereae
833 869 970 940 laudata
990 874 1089 941 video
1109 874 1175 942 trie
1195 865 1329 942 nomine
1348 909 1391 926 --
1421 872 1565 968 Saturae
1585 871 1795 957 Menippeas,
1816 868 2056 950 Laudationes,

234 991 405 1078 prooemia
419 989 661 1076 Antiquitatum
677 1023 732 1067 -‚
749 989 835 1062 tima
855 990 998 1075 speeies,
1016 1011 1122 1059 uuum
1143 1011 1262 1078 genus.
1291 993 1401 1079 Atque
1423 1011 1524 1058 unum
1545 1008 1651 1076 genus
1672 989 1817 1056 describi
1837 987 2060 1055 certissimum

237 1115 291 1190 est
310 1129 354 1176 ex
375 1109 432 1189 iis,
453 1125 539 1194 qnae
560 1105 678 1194 (litero
691 1107 928 1193 vresponsionis
948 1107 1023 1178 loeo
1044 1110 1138 1176 addit
1158 1132 1189 1177 o.
1211 1111 1246 1189 3,
1265 1111 1319 1188 ih,
1345 1111 1382 1176 in
1404 1111 1525 1193 quibus
1545 1093 1689 1176 Saturae
1708 1108 1833 1174 mentio
1862 1107 1908 1172 ita
1929 1105 2060 1191 adjecta

237 1239 291 1294 est
311 1229 460 1311 (atque
481 1226 574 1310 ipse
596 1257 636 1274 -
657 1222 784 1292 lesistis
812 1224 1182 1314 philosophiamque),
1211 1238 1249 1296 ut
1269 1227 1392 1296 additis
1412 1227 1511 1294 novis
1531 1227 1633 1293 rebus
1652 1225 1767 1307 nullis,
1787 1225 1822 1291 in
1843 1215 2060 1310 eas'quoque

239 1345 360 1412 eadere
390 1342 609 1428 intelligatur,
644 1361 731 1428 qnae
762 1343 804 1411 de
834 1343 1037 1431 reliquorum
1067 1344 1229 1414 librorum
1261 1346 1465 1434 argumentis
1495 1346 1580 1412 satia
1618 1347 1755 1428 eopiosa
1786 1343 1940 1428 exposita
1961 1354 2058 1422 sunt3

238 1483 379 1550 quorum
401 1462 579 1530 verborum
600 1459 826 1530 tantumnodo
854 1461 954 1529 haeor
985 1482 1114 1532 eremum
1143 1477 1183 1514 -'-·
1213 1483 1367 1532 eausas
1395 1463 1575 1548 aperuistis
1605 1463 1647 1529 de
1667 1460 1867 1546 philosopha
1893 1459 2060 1562 scribendi

236 1581 365 1648 ratione
387 1579 476 1647 dieta
493 1599 571 1648 asse
592 1591 734 1654 nonest
755 1583 844 1674 quod
865 1595 1048 1650 moneatur.
1091 1581 1222 1649 Deinde
1242 1581 1381 1668 Speaies
1403 1582 1488 1648 duas
1510 1601 1595 1666 quas
1616 1581 1777 1656 dixerim,
1798 1581 1833 1646 in
1854 1589 1968 1664 aperto
1996 1589 2060 1657 ast,

238 1699 401 1785 siqnidem
423 1718 508 1786 quas
528 1717 585 1764 res
606 1697 715 1764 Varro
736 1698 770 1766 in
793 1698 938 1778 Saturis,
958 1711 997 1766 ut
1012 1683 1223 1787 jnonnditate
1243 1699 1391 1767 leotnros
1411 1699 1578 1781 allideret,
1600 1699 1776 1784 Menippen
1796 1697 1963 1764 hilaritate
1984 1715 2062 1762 eon·

238 1818 381 1902 apersit,
401 1817 436 1882 in
458 1815 704 1884 laudationibus
726 1826 759 1884 et
779 1818 813 1882 in
834 1816 1076 1903 Antiquitatum
1097 1817 1277 1902 prooemiis
1305 1817 1424 1883 litteris
1444 1835 1524 1884 rere
1545 1815 1752 1906 philosophis
1781 1825 1978 1901 persecutus
1999 1826 2061 1878 est.

239 1935 313 2002 Jem
335 1955 439 2020 quum
459 1934 567 2000 omnis
588 1931 705 2000 borum
726 1935 905 2000 verborum
926 1936 979 2002 vis
1001 1936 1111 2020 posita
1131 1937 1176 2002 sit
1197 1936 1231 2002 in
1252 1935 1449 2020 opponenda
1470 1933 1666 2020 Menippeas
1689 1933 1848 2000 hilaritati
1870 1931 2065 2018 philosopha

144 2100 148 2118 .
241 2051 407 2122 eminendi
427 2051 576 2132 wratione,
606 2049 781 2118 offensioni
808 2064 888 2120 sent
915 2055 1020 2120 verba
1040 2045 1230 2129 ἆσυνόετῶς
1251 2055 1375 2140 positar
1421 2051 1630 2138 altlenippam
1652 2052 1789 2133 imitati,
1817 2071 1885 2118 non
1906 2051 2065 2134 interpre-

242 2171 335 2250 tatio,
350 2169 470 2257 quibus
485 2168 777 2254 uogimur'omnem
799 2172 968 2256 cogitandi
990 2171 1138 2258 vigorem
1152 2182 1347 2240 convertere
1368 2172 1403 2238 in
1425 2171 1623 2240 sententiam
1645 2171 1823 2236 admodum
1840 2168 1960 2248 levem,
1977 2186 2065 2254 quae

177 2287 181 2292 '
239 2287 383 2358 tortasse
403 2297 476 2354 erat
497 2306 557 2354 onr
583 2287 804 2374 adjiceretur,
832 2307 900 2358 uun
921 2305 981 2356 aur
1001 2289 1113 2375 priore
1136 2289 1210 2356 loeo
1232 2301 1420 2374 poneretur.
1465 2291 1551 2366 Quis
1572 2289 1662 2355 eninr
1680 2305 1848 2373 unquam,
1875 2285 1930 2354 eui
1954 2284 2066 2370 legere

240 2407 334 2476 linuit
354 2405 532 2489 Menippea
552 2403 628 2484 illa,
658 2407 693 2472 in
713 2424 788 2472 eam
807 2425 846 2472 se
866 2406 1044 2474 eontalerit
1064 2408 1273 2492 opinionem,
1301 2421 1338 2475 nt
1359 2408 1507 2494 Menippi
1529 2407 1647 2493 Gynioi
1675 2407 1790 2476 neseio
1815 2425 1900 2492 quos
1921 2404 2025 2470 libros
2045 2423 2068 2468 a

241 2525 395 2592 Varrone
417 2524 451 2588 in
472 2521 610 2588 latinum
632 2541 817 2592 sermonem
840 2524 1021 2592 translatos
1041 2544 1119 2592 esso
1147 2525 1300 2610 putaret?
1342 2525 1473 2594 Deinde
1500 2527 1655 2594 notiones
1681 2523 1926 2592 hilaritatis
1947 2531 1982 2588 et
1997 2523 2066 2608 ju·

242 2640 499 2722 eunditatis,
522 2639 633 2708 solato
653 2659 695 2708 ee
717 2661 784 2726 quo
806 2643 1004 2728 eonjunatas
1024 2640 1132 2710 luisse
1160 2645 1305 2728 oportuit
1325 2643 1478 2725 viuculo,
1507 2665 1598 2712 nune
1624 2641 1711 2710 male
1738 2645 1774 2708 in
1801 2642 1953 2707 diversas
1974 2639 2067 2706 locos

119 2751 125 2756 ’
242 2759 401 2848 disjectae
428 2768 518 2828 snut.
568 2757 699 2844 Quibus
728 2760 829 2826 rebus
854 2760 1032 2848 diligenter
1059 2739 1251 2846 perpensis,
1280 2761 1434 2828 Ciceroni
1462 2763 1668 2850 restituenda
1696 2781 1773 2828 esse
1800 2729 1943 2828 arbitror
1966 2757 2066 2824 baeer

204 2877 207 2882 '
239 2877 301 2950 siit
320 2887 429 2944 mmen
450 2879 485 2942 in
506 2875 574 2946 illis
600 2877 769 2944 veteribus
791 2877 936 2956 ansuis,
963 2899 1051 2963 quae
1081 2878 1318 2964 Menippum
1345 2879 1483 2957 imitati,
1512 2898 1578 2966 quo
1606 2877 1739 2948 laoilies
1766 2879 1875 2945 minus
1903 2877 1993 2944 doeti
2017 2875 2066 2942 in

237 2995 424 3082 telligerent
439 2993 651 3082 jucunditate
671 2996 815 3080 quadam
837 2995 880 3060 ad
902 2995 1077 3081 legendnm
1098 2996 1242 3075 inritati,
1265 3033 1302 3046 -
1326 3011 1394 3062 non
1415 2999 1620 3092 interpretati
1648 3029 1683 3046 ·-
1713 2995 1891 3084 quadam
1916 2993 2067 3062 hilari..

234 3124 324 3204 tate
345 3113 608 3198 conspersimns,
632 3111 735 3178 multa
755 3113 898 3180 admista
919 3131 963 3178 ax
984 3114 1101 3180 intima
1122 3113 1344 3200 philosophia,
1366 3115 1469 3184 multu
1490 3117 1581 3184 dieta
1601 3115 1800 3193 dialectiea,
1813 3133 1899 3200 quae
1920 3113 1956 3178 in
1981 3110 2067 3178 hau·

239 3232 449 3310 dationibus,
470 3232 506 3296 in
533 3229 588 3296 his
615 3230 701 3314 ipsis
730 3229 973 3315 Antiquitatum
996 3233 1163 3316 prooemia
1192 3233 1499 3320 philosophiae
1523 3225 1671 3302 seribere
1698 3232 1885 3316 voluimus;
1913 3229 2067 3298 simodo

239 3335 418 3416 ¹aonseeuti
439 3367 588 3416 sumnso.
617 3384 659 3404 η
690 3347 800 3416 Verba
820 3349 909 3420 euim
940 3370 1027 3438 aquo
1047 3347 1180 3418 insilias
1210 3389 1246 3400 -
1277 3353 1481 3420 tertiaria
1512 3359 1688 3439 postquam
1715 3361 1856 3436 propter:
1877 3365 2070 3432 expressam

243 3469 422 3534 verborum
449 3465 604 3532 imitati
634 3475 667 3532 st
695 3466 1390 3569 inritatisimilimdinemexoideruut,
1426 3491 1470 3538 es
1498 3472 1665 3556 margine,
1693 3471 1728 3538 in
1755 3489 1823 3554 qno
1849 3485 1941 3536 mare
1968 3464 2068 3532 solito

243 3586 389 3670 asulpra
408 3595 524 3663 eraut,
552 3583 587 3650 iu
615 3604 689 3650 eam
717 3604 816 3670 quam
845 3605 935 3656 nune
962 3598 1076 3656 teuent
1103 3588 1216 3660 wem
1244 3587 1334 3656 maie
1358 3586 1451 3656 illata
1477 3598 1568 3666 sunt,
1595 3607 1694 3674 qnam
1721 3607 1763 3654 oo
1789 3584 1922 3672 lapillus
1937 3583 2068 3670 ‚aliquis

244 3721 359 3768 veram
380 3723 458 3769 esse
486 3713 605 3787 putare
627 3713 773 3786 poterat,
797 3703 886 3788 quod
908 3702 991 3774 nibil
1010 3703 1217 3793 frequentius
1238 3706 1327 3790 opud
1349 3705 1543 3776 Giaeroeem
1564 3717 1617 3774 ast
1633 3703 1694 3775 illa
1714 3703 2070 3772 relativarumroounr

246 3819 496 3907 aonjnnetione:
525 3839 649 3907 qnae,
679 3839 770 3904 quo.
814 3819 968 3894 Getarum
997 3821 1297 3908 philosophico
1325 3822 1520 3891 seribere
1541 3843 1648 3910 aeque
1667 3822 1805 3890 latinum
1826 3823 2068 3892 essearbitror

246 3957 288 4006 aa
310 3935 539 4006 dialectiea
560 3938 722 4018 dicero,
745 3938 832 4024 quod
855 3939 887 4010 si
907 3939 962 4010 oui
984 3939 1094 4014 miano
1116 3931 1372 4012 Ciaerouiannm
1394 3961 1472 4012 esso
1493 3941 1672 4021 ridebitur,
1695 3943 1726 4007 is
1744 3951 1887 4025 reputet,
1909 3939 2089 4010 Varronis
2190 3948 2195 3956 '

245 4051 330 4126 haee
350 4073 408 4122 ore
429 4064 463 4120 et
483 4050 640 4134 sortasse,
663 4057 751 4141 quod
772 4075 875 4140 supra
895 4057 1075 4156 tetigimus,
1098 4077 1189 4132 neore
1202 4061 1414 4144 pronuntiata
1432 4080 1527 4136 esser
1548 4058 1795 4146 philosophias
1816 4069 1926 4129 autern
1947 4069 1985 4124 ut
2005 4068 2069 4123 ter·

245 4175 314 4260 tius
328 4191 428 4240 casus
448 4172 507 4252 sit,
530 4173 621 4274 quod
642 4171 715 4256 ipss
736 4172 916 4260 aliquoado
936 4177 1097 4262 probavi,
1120 4197 1140 4248 a
1162 4176 1339 4246 Giuernnis
1358 4179 1757 4262 consuetudine-,prorsus
1776 4154 1956 4246 abhorrere
1980 4193 2070 4244 nuno
2142 4259 2147 4268 ³

247 4291 458 4377 perspexisse
479 4289 558 4364 mihi
572 4289 711 4374 siriam-¹
744 4291 814 4392 blaa
834 4301 944 4367 tsmsa
958 4311 1121 4384 repugno,
1141 4294 1172 4360 si
1195 4296 1271 4387 qais
1291 4297 1466 4382 pristinam
1487 4297 1666 4370 sorborum
1685 4317 1708 4392 a
1729 4317 1780 4364 me
1795 4293 2070 4380 transpositorum

250 4408 362 4476 sedam
383 4419 443 4476 aut
457 4419 541 4494 post
562 4409 711 4492 anostriq
727 4427 850 4496 quaes,
871 4421 931 4482 aut
951 4423 1029 4497 past
1049 4413 1295 4498 aiuterprotatis
1317 4425 1375 4487 aet
1396 4415 1637 4502 deniquepost
1658 4413 1944 4498 aooaspersimum
1961 4409 2070 4480 luisse

247 4527 445 4604 eontendst,
482 4545 681 4614 quamquem
719 4525 878 4601 testimo
911 4548 953 4604 ea
990 4551 1088 4622 quam
1126 4508 1360 4620 proposuimus
1398 4534 1600 4606 emendandi,
1629 4533 1714 4600 ratio
1749 4531 1880 4600 videtur
1914 4549 1991 4600 esse
2025 4534 2070 4618 *it

248 4653 595 4668 *tm—*n*
600 4655 654 4667 ..-

364 4709 388 4791 ⁹)
406 4707 555 4776 oehlerus,
576 4711 622 4781 qul
645 4713 793 4769 novissime
815 4711 850 4771 ds
872 4710 927 4773 boe
950 4713 1014 4774 ineo
1037 4713 1195 4789 disputavit,
1219 4735 1245 4788 p.
1270 4717 1313 4778 il.
1331 4735 1398 4773 sana
1421 4715 1585 4771 assereris
1613 4723 1688 4769 ratus
1711 4711 1814 4770 haecce
1831 4727 1997 4773 commentus
2016 4725 2070 4772 est:

404 4793 492 4852 atlete
511 4791 582 4848 huuc
599 4791 692 4852 Ιοιιιιιι
707 4797 860 4855 bannorum
875 4795 996 4858 adura
1014 4789 1096 4868 atque
1113 4805 1289 4872 interpreter,
1312 4805 1391 4874 nujus
1408 4807 1543 4856 structura
1568 4801 1632 4856 lieet
1650 4801 1733 4872 paulo
1748 4803 1788 4872 (it
1812 4795 2071 4868 losannensem·
2213 4817 2220 4825 ·

404 4887 494 4945 tamen
509 4879 579 4940 satis
596 4890 716 4950 apermm
733 4881 772 4951 (t)
788 4883 1076 4956 ualentiamprsebet
1094 4887 1175 4955 banea
1193 4900 1370 4960 aequasque
1389 4887 1495 4943 laulliss
1511 4876 1601 4947 minus
1617 4887 1691 4951 daetl
1702 4887 1883 4961 intemperant
1899 4899 1932 4946 et
1944 4887 2070 4960 quaerat·

291 5027 294 5035 Ι
402 4970 459 5016 tate
478 4961 592 5032 quadam
610 4963 645 5016 ad
664 4963 806 5036 legendnm
829 4969 1081 5039 invitarentur,
1099 4967 1191 5028 l'nter
1208 4973 1393 5038 laudationes,
1412 4973 1446 5048 (h.
1467 4990 1492 5030 e.
1510 4973 1643 5032 dictorum
1661 4971 1848 5048 laetorumque
1860 4975 2072 5032 memorabilium

404 5047 545 5116 iroqumte
561 5049 700 5102 mentione
715 5047 812 5118 illata.)
829 5069 899 5122 quse
918 5055 994 5126 lpraa
1012 5048 1138 5128 t‘anqiraro
1157 5059 1297 5128 prooemia
1313 5059 1498 5128 antiquitatum
1516 5057 1649 5129 appellari
1668 5043 1791 5132 possunt,
1809 5059 1858 5129 [e'i.
1878 5077 1904 5131 p.
1923 5057 1976 5127 ih]
1994 5057 2032 5128 (h.
2046 5077 2071 5116 e.

403 5132 504 5202 qulbus
522 5133 590 5204 ipsis
607 5133 760 5204 antiquariis
774 5139 1023 5208 stadis-ultimum.
1037 5141 1228 5214 philosophiae
1246 5141 1368 5214 hinad
1384 5139 1570 5206 tllmtrn'umm
1587 5145 1788 5218 philosophiam
1806 5155 1834 5202 st
1849 5143 1886 5201 ad
1902 5143 1993 5200 studia
2012 5145 2072 5223 eim
2106 5186 2112 5202 t

303 5233 307 5241 ⁴
403 5217 629 5289 nommeudande)
646 5221 769 5278 seribere
786 5223 955 5286 volutatum
973 5235 1053 5288 reos
1089 5225 1159 5285 vido
1175 5227 1255 5286 etiam
1273 5245 1299 5302 p.
1318 5226 1361 5284 dd.
