4738 5744
1052 427 1280 500 ..γ-

256 663 453 743 Metrndori,
476 647 633 746 Epicurei
655 655 856 742 philosophi,
879 656 987 735 dicto,
1010 656 1101 743 quod
1122 654 1223 724 refert
1244 657 1362 724 Cicero
1384 655 1485 724 Tusa.
1508 657 1552 739 V,
1572 659 1605 726 li.
1629 693 1666 710 -
1695 657 1928 728 Metrodorusr
1954 681 2080 729 occu·

254 785 352 868 pari
384 795 441 860 te,
472 781 596 867 inquit,
627 778 813 844 Fortuna
838 797 922 854 -·,s
956 775 1026 840 Hoc
1047 788 1100 840 est
1121 787 1267 842 veterum
1298 777 1525 842 auctoritatem
1553 777 1654 842 simul
1683 789 1717 843 et
1744 777 1895 845 fastidire
1921 771 1956 844 et
1981 801 2079 847 usur-

255 921 345 985 pare.
390 901 435 966 At
463 919 565 974 vero,
594 910 630 962 ut
655 908 745 963 recte
768 895 892 981 Popma
914 905 947 960 et
970 893 1155 960 Palmarius
1177 892 1398 977 proverbialis
1417 894 1670 982 hujus,dicendi
1692 897 1826 982 generis
1853 899 1922 964 uim
1943 919 2079 984 aperue-

255 998 353 1096 runt,
382 1020 428 1084 ita
452 1037 566 1100 parum
589 1025 678 1082 reete
698 1035 774 1084 cum
798 1013 924 1100 Popma
945 1011 1110 1078 Ochlerus
1132 1011 1308 1077 Fortunam
1331 1023 1408 1079 essa
1430 1015 1558 1097 putant,
1580 1035 1667 1099 quac
1688 1013 1857 1082 habeatur.
1903 1017 2079 1083 Alicnlssi·

256 1157 346 1202 mum
368 1135 454 1200 enim
477 1147 508 1198 et
531 1133 703 1216 indignum
726 1133 860 1219 ingenio
883 1131 1047 1197 Varronis
1069 1131 1201 1195 videtur
1222 1150 1311 1208 essa,
1332 1132 1384 1196 bis
1406 1131 1516 1216 posito
1545 1133 1661 1198 eodem
1683 1135 1815 1200 nomiae
1836 1145 1972 1202 saturae
1992 1135 2079 1202 iudi·
2174 1165 2176 1170 ·

177 1251 184 1270 '
255 1275 326 1320 cem
347 1251 506 1335 effingere
527 1251 643 1317 talem:
668 1249 781 1316 liabeo
804 1261 847 1329 te,
871 1270 920 1314 se.
943 1248 1187 1328 Fortunam,
1211 1249 1253 1314 δε
1276 1247 1473 1316 Fortuna.
1519 1249 1632 1324 Quare
1654 1252 1769 1317 dubito
1790 1273 1834 1318 an
1855 1253 1980 1320 rectius
2002 1253 2077 1348 Cle·

256 1371 368 1462 authis
397 1371 544 1456 aliquam
571 1369 761 1436 memoriam
789 1369 823 1433 in
852 1368 915 1434 hoc
944 1365 1040 1433 titulo
1069 1365 1173 1432 latere
1198 1366 1425 1451 suspicemur,
1447 1365 1608 1433 servatam
1630 1389 1650 1433 a
1674 1368 1824 1453 Diogene
1846 1369 1978 1436 Laertio
2002 1371 2075 1436 Vll.

256 1511 285 1572 p.
312 1488 382 1555 173.
408 1489 568 1568 »Λέγεται
589 1455 645 1565 δὲ,
670 1481 860 1582 φάσκοντος
880 1478 987 1552 αὐτοῦ
1009 1480 1094 1548 κατὰ
1116 1479 1258 1567 Ζήνωνα
1280 1481 1493 1568 καταληπτὸν
1514 1485 1603 1550 ε1ναι
1624 1483 1663 1550 τὸ
1685 1477 1770 1570 ἦθος
1791 1485 1826 1565 ἔξ
1847 1487 1975 1567 alicua,
2003 1510 2078 1555 νεα·

256 1611 387 1680 vicanum
415 1641 447 1654 -
473 1597 610 1686 ἀγαγεῖν
630 1601 715 1692 πρδς
734 1595 840 1670 aricia
860 1601 1013 1670 ιάναιδον
1037 1635 1071 1649 -
1096 1605 1153 1666 aui
1180 1577 1298 1694 άξιοῦν
1326 1593 1586 1688 άποφαίνεοθαι
1615 1609 1693 1690 περὶ
1719 1607 1780 1671 τοῦ
1808 1599 1925 1690 ἤθους·
1953 1601 2015 1671 τδν
2042 1605 2080 1671 δὲ

198 1745 208 1780 t
255 1716 525 1807 διαπορούμενον
553 1722 705 1787 κελεῦσαι
734 1713 874 1787 ἀπιέναι
901 1717 964 1787 οδν
991 1712 1187 1805 άνθριοπον.
1219 1709 1262 1792 ὦς
1290 1718 1326 1784 δὲ
1354 1712 1468 1785 άπιιδν
1497 1719 1619 1796 ἐκεῖνος
1648 1703 1810 1808 ἔπταρεν,
1832 1717 1943 1802 Ἔχει,
1971 1723 2077 1802 ελπεν,

255 1834 380 1917 ebria,
410 1829 428 1903 ὃ
458 1835 644 1924 Κλεάνθης·
666 1833 812 1923 μαλακάς
833 1836 963 1906 δοτιν.“
1006 1836 1053 1902 11ι
1073 1835 1217 1902 fortasse
1239 1836 1302 1902 hoc
1318 1835 1422 1902 tuerit
1444 1848 1578 1931 saturae
1601 1838 1766 1905 Varronis
1787 1851 2016 1924 argumentum
2040 1875 2077 1890 -

255 1959 399 2028 scribam
422 1957 507 2021 enim
530 1957 628 2022 etiam
651 1977 714 2044 ego
736 1959 770 2022 in
792 1956 858 2034 his,
880 1956 960 2042 quid
984 1965 1109 2040 putem,
1130 1975 1197 2021 nou
1219 1955 1298 2041 quid
1322 1955 1517 2024 contendam
1543 1993 1601 2035 -,
1623 1968 1659 2022 ut
1680 1956 1808 2037 Varro,
1832 1959 2014 2044 sapientem
2035 1975 2080 2024 ex

256 2074 333 2148 forti
362 2095 428 2160 quo
458 2073 609 2140 iortuuae
638 2095 737 2140 casua
765 2073 851 2140 serat
879 2076 989 2140 animo
1019 2073 1175 2158 cognosci
1206 2091 1324 2156 posse,
1355 2071 1545 2139 Stoicorum
1574 2075 1722 2142 rationes
1743 2095 1888 2162 sequens
1921 2077 2080 2142 docuisse

256 2204 439 2258 censeatur.
485 2192 548 2258 Cui
578 2193 761 2260 sentcntiae
790 2212 890 2278 quum
918 2191 1021 2280 huJus
1050 2189 1151 2257 libelli
1178 2189 1286 2256 cetera
1312 2188 1517 2276 fragmenta,
1544 2202 1616 2271 tum
1641 2190 1722 2259 hoc:
1753 2192 1917 2278 oSapicns
1942 2195 2000 2276 Ιόι
2022 2195 2079 2262 bo·

116 2367 122 2384 ,
255 2286 332 2376 num
361 2308 448 2376 terre
476 2321 585 2394 potest
606 2310 772 2391 medical
792 2311 825 2376 et
847 2310 969 2376 malum
997 2309 1128 2377 sortiter
1155 2329 1198 2376 ac
1216 2309 1353 2375 leviter«
1377 2310 1411 2374 in
1432 2329 1499 2395 quo
1516 2309 1632 2396 justos
1653 2330 1810 2378 numeros
1830 2305 1975 2379 restituit
1997 2311 2080 2378 Mei-
2171 2302 2173 2304 ’

200 2452 207 2458 ·
255 2401 385 2508 nultius,
408 2427 585 2522 suffragari
607 2429 774 2494 videntur.
817 2427 1077 2520 commemorem
1098 2429 1198 2494 etiam
1219 2427 1261 2492 tle
1281 2425 1386 2514 alteru
1407 2427 1465 2494 illu
1492 2425 1625 2494 sutura:
1648 2421 1766 2504 ’Ἁλλος
1792 2417 1891 2504 οὗτος
1906 2418 2077 2516 Ἡρακλῆς.

139 2587 143 2597 ·
256 2567 287 2628 p.
309 2545 384 2612 Mil.
429 2545 598 2630 Frequens
626 2545 749 2612 mentio
778 2544 933 2610 Herculia
963 2543 1158 2610 aVarrone
1179 2543 1268 2610 sacta
1295 2556 1347 2610 est
1371 2545 1469 2611 ctiam
1492 2547 1527 2610 in
1548 2546 1683 2611 saturis.
1729 2545 1946 2613 Proverblum
1968 2558 2078 2614 autem

255 2661 336 2726 illud
359 2663 567 2728 notissimum
598 2665 721 2742 dianam
749 2673 801 2728 cst
821 2650 879 2730 hut
901 2663 942 2729 δε
964 2661 1095 2729 Τλιεεεο
1117 2660 1176 2744 (ci.
1199 2661 1323 2728 Kiister
1344 2664 1379 2728 iu
1400 2663 1538 2764 Foliam
1563 2663 1585 2730 i.
1608 2683 1639 2728 v.
1664 2663 1799 2730 Ptolem.
1822 2664 2000 2749 Hephaest.
2023 2685 2078 2751 ap.

257 2778 407 2845 Photinm
430 2802 461 2864 p.
487 2781 556 2847 151.
580 2781 703 2864 Beck)
733 2792 791 2847 aut
819 2779 960 2864 Milone,
991 2792 1049 2847 aut
1076 2779 1248 2848 Tithormo
1278 2791 1430 2865 pastore,
1459 2781 1525 2845 vid.
1557 2779 1746 2847 Lobeckius
1769 2781 1845 2868 Agl.
1868 2803 1898 2866 p.
1925 2784 2015 2852 1170.
2041 2795 2079 2850 ut

254 2899 415 2962 incertum
436 2894 493 2974 sit,
509 2919 606 2984 quem
628 2899 755 2966 ulium
780 2898 1001 2966 Herculem
1025 2897 1133 2964 Varro
1148 2897 1287 2982 intelligi
1307 2898 1393 2964 velit.
1418 2897 1631 2964 Nouissimas
1651 2901 1772 2977 editor,
1786 2901 1941 2966 excitatis
1961 2919 2078 2987 paroe-

254 3013 456 3100 miographis
491 3017 621 3102 graecis
642 3015 858 3094 ‚Gaisfordii,
890 3017 1014 3082 iurem
1046 3016 1234 3102 inquirere,
1261 3005 1361 3100 'quod
1395 3017 1531 3082 omnino
1561 3017 1592 3082 ei
1627 3015 1814 3083 laciendum
1846 3015 1928 3096 suit,
1960 3039 2078 3106 auper-

153 3191 156 3196 .
252 3132 351 3228 sedita
390 3135 463 3200 Nos
490 3135 662 3202 monuisse
690 3136 774 3200 satis
803 3133 982 3214 habemus,
1019 3133 1212 3200 Cleanthem
1246 3137 1356 3219 ipsum
1389 3146 1543 3219 quartum
1577 3134 1630 3202 vel
1664 3136 1814 3219 quintum
1846 3156 1925 3204 esse
1958 3137 2078 3204 salium

253 3249 473 3332 Herculem«
503 3253 537 3318 id
565 3255 654 3340 quod
684 3273 726 3319 ex
756 3251 919 3338 Diogenis
948 3250 1069 3318 Laertii
1099 3254 1212 3318 verbis
1238 3252 1436 3338 intelligitur
1462 3252 1539 3320 his:
1571 3245 1767 3330 -.Ἀνιλά
1795 3250 1856 3340 γάρ
1883 3249 2010 3338 μάνονς
2042 3259 2079 3322 si

252 3359 284 3430 δ’
309 3360 385 3446 crixi
414 3363 552 3436 σκάπτω
558 3393 572 3444 ,·
598 3375 635 3436 οἱ
660 3363 694 3440 δ’,
719 3361 780 3436 οὗν
806 3363 896 3456 ἄρδω
923 3377 978 3436 και
1000 3363 1115 3436 πάντα
1135 3372 1226 3436 ποιῶ
1247 3369 1452 3457 φιλοσοφίας
1473 3373 1590 3448 Fumea
1610 3377 1666 3435 aci
1686 3361 1788 3460 γὰρδ
1811 3367 1930 3457 Ζήνων
1943 3409 1970 3420 -
1983 3377 2077 3458 φησι.
2144 3417 2148 3420 -
2282 3417 2287 3426 ·

250 3479 428 3570 Κλεάνθης
454 3490 518 3569 μὲν
544 3493 600 3553 aul
628 3480 732 3554 ἄλλον
752 3483 934 3572 Κλεάνθην
962 3483 1082 3554 δάναιε
1103 3481 1149 3553 άν
1169 3490 1323 3580 τρέφειν,
1344 3488 1377 3552 εἰ
1394 3481 1562 3570 βοάλοιτο·
1583 3525 1626 3538 -
1640 3483 1719 3555 δδιν
1740 3485 1778 3574 rbi
1800 3495 1857 3556 καλ
1878 3482 2076 3576 διάτορος

245 3593 446 3692 Ἡρακλῆς
467 3594 486 3670 δ
507 3599 685 3691 Κλεάνθης
706 3603 864 3673 ἐκαλεῖτο.
909 3605 980 3675 Lib.
1006 3605 1076 3670 Vll.
1100 3627 1129 3689 p.
1157 3605 1226 3673 170.
1250 3625 1324 3670 cum
1347 3625 1413 3692 quo
1435 3604 1514 3672 lacit
1534 3605 1660 3672 suidas
1680 3625 1702 3672 a
1720 3605 1877 3692 Menagio
1898 3607 2075 3675 laudatus:

224 3717 311 3784 ·Κλ.
345 3713 476 3808 ἠράσθη
508 3723 712 3810 φιλοσοφίας
744 3729 813 3790 καλ.
832 3723 997 3790 οοοοῦιον
1028 3724 1141 3808 γέγονε
1172 3715 1380 3809 φιλόπονος,
1413 3719 1499 3790 ὥστε
1529 3717 1681 3808 διάτορος
1711 3715 1872 3809 Ἡρακλῆς
1903 3725 2076 3810 κληθῆναι.

251 3836 458 3923 Quamquam
480 3841 515 3906 in
536 3840 601 3910 hae
621 3847 737 3908 satura
758 3839 941 3906 moenium
964 3850 1033 3919 est,
1056 3861 1099 3904 nc
1128 3839 1270 3906 Varroni
1300 3853 1430 3908 secreta
1445 3841 1526 3929 jura
1555 3841 1726 3927 pontificia
1747 3841 1923 3927 explicanti
1949 3842 2077 3930 aliquid

250 3974 425 4021 commune
453 3959 682 4025 obtrudamus.
727 3955 918 4024 Macrobius
939 3959 1027 4024 enim
1049 3957 1136 4044 quod
1159 3957 1238 4026 δίοἰι
1261 3995 1298 4008 -
1324 3961 1425 4046 aquia
1447 3961 1477 4024 is
1498 3962 1582 4026 (lens
1604 3957 1799 4043 (Hercules)
1827 3971 1861 4026 et
1881 3962 1968 4045 apud
1997 3983 2076 4047 pon·
2207 3953 2212 3976 ¹

250 4057 485 4155 tilice‘sidem,
515 4076 628 4159 quiet
650 4075 910 4142 Marshahetur.
959 4075 1000 4142 Et
1020 4097 1103 4142 sune
1124 4077 1172 4142 ita
1193 4075 1367 4163 Menippea
1390 4076 1553 4145 Varronis
1581 4075 1742 4155 affirmat,
1770 4097 1858 4164 quae
1885 4079 2075 4145 inscribitur
2124 4073 2130 4082 ”

106 4229 110 4232 -
242 4183 359 4266 νΑλλος
379 4181 478 4268 οὗτος
494 4183 664 4280 Ἡρακλῆς,
687 4194 722 4257 in
744 4213 810 4280 qua
832 4213 907 4259 cum
930 4195 972 4260 de
995 4193 1137 4260 llercule
1156 4195 1286 4262 multa
1308 4195 1576 4280 loqueretur,
1599 4196 1740 4262 cundem
1761 4214 1839 4264 esse
1859 4215 1901 4263 ac
1921 4196 2073 4274 Martem,
2153 4200 2156 4210 ’

250 4309 434 4390 probavit«
465 4311 512 4389 id,
536 4311 720 4380 Varronem
743 4311 954 4396 prouerbium
983 4310 1066 4378 illud
1093 4310 1195 4389 simili
1223 4313 1370 4392 ratione,
1400 4332 1468 4400 qua
1495 4315 1537 4379 ab
1566 4311 1642 4380 aliis
1670 4314 1712 4381 δε
1741 4313 1840 4381 idaeo
1861 4325 1895 4378 et
1915 4313 2074 4382 thebano

251 4423 391 4498 lleraula
413 4429 585 4496 dicebatur
615 4430 708 4516 (vid.
733 4427 920 4496 bobeckius
942 4429 963 4494 1.
988 4449 1015 4494 c.
1041 4451 1070 4514 p.
1094 4427 1187 4496 ttae.
1211 4429 1304 4514 iim),
1332 4429 1411 4496 huic
1432 4443 1566 4498 saturae
1587 4433 1812 4517 inscripsisse,
1841 4433 1973 4498 ridetur
1996 4453 2074 4500 sua·

250 4539 339 4608 dere.
386 4543 518 4646 Poterat
537 4558 647 4614 tamen
669 4548 771 4614 etiam
788 4547 888 4614 simul
910 4545 1081 4614 Cleanthis
1102 4549 1261 4614 memoria
1281 4549 1401 4615 inesse.
1427 4585 1464 4598 -
1895 4639 1898 4644 Ι

360 4717 365 4732 .
402 4661 506 4746 igitur
525 4661 610 4736 satis
631 4666 745 4732 multis
767 4667 989 4750 argumentis,
1019 4675 1089 4732 tum
1118 4666 1312 4732 certissimis
1340 4678 1431 4744 tum,
1459 4669 1493 4733 in
1522 4669 1643 4754 quibus
1669 4677 1722 4734 est
1748 4667 1838 4754 quod
1861 4651 1975 4734 ultimo
1997 4671 2072 4737 loco

147 4793 164 4874 ,ᾗ
249 4777 439 4862 posuimus,
470 4781 582 4848 minus
609 4781 728 4864 certis,
766 4783 952 4849 Varronem
990 4784 1075 4850 inter
1112 4785 1246 4850 Stoicos
1282 4796 1412 4870 praeter
1447 4795 1575 4850 ceteros
1604 4782 1796 4851 Cleanthem
1833 4785 1897 4854 sibi
1929 4787 2074 4876 elegisse

249 4906 418 4964 auctorem
448 4908 481 4964 et
510 4899 628 4966 ducem
658 4902 701 4966 εδ
729 4901 846 4968 ultima
865 4914 975 4968 rerum
1000 4899 1094 4968 initia
1115 4903 1366 4989 investiganda,
1395 4901 1493 4966 nobis
1515 4903 1666 4969 videmur
1687 4903 1933 4988 comprobasse.
1977 4907 2073 4981 Quae

248 5023 287 5077 ut
303 5012 430 5090 laceret
452 5012 562 5084 Varro
583 5037 625 5084 eo
644 5029 817 5101 permotus
839 5021 971 5088 videtur
991 5018 1111 5098 luisse,
1132 5023 1221 5108 quoti
1244 5023 1279 5086 in
1294 5001 1453 5087 Cleanthe
1468 5039 1606 5104 prorsus
1620 5021 1674 5088 sui
1689 5021 1833 5090 similem
1847 5043 1924 5090 asae
1946 5025 2075 5092 studio·
2193 5023 2198 5030 “

159 5186 188 5212 ,,
248 5149 321 5198 rum
349 5135 511 5204 rationem
540 5135 842 5242 animadvertisset.
893 5137 1042 5225 Uterque
1070 5139 1175 5222 euim,
1204 5159 1316 5207 rerum
1344 5138 1559 5224 maximarum
1583 5151 1618 5207 et
1646 5139 1947 5210 occultissimarum
1975 5143 2075 5212 iuna--
