4738 5744
1027 397 1258 475 ..13-

228 609 394 725 proprium
410 634 572 702 librorum
593 631 746 710 indicem,
768 639 806 696 ιιι
827 629 923 696 mam
945 627 981 694 in
1001 627 1222 696 veteribus
1244 628 1339 696 illis
1353 625 1542 716 Menippeis
1556 625 1635 696 iecit
1655 639 1732 714 apte
1746 631 2051 714 circumscribente,

226 755 417 842 impositum
438 762 531 818 esset
550 751 646 817 libris
667 747 903 834 hogtsturlcts,
925 747 956 814 si
978 757 1184 814 mortuorum
1204 745 1376 814 hominum
1396 749 1538 814 virtutes
1558 748 1593 814 in
1615 748 1668 814 bis
1689 747 1783 814 libris
1805 761 1863 817 aut
1885 753 2054 834 omnibns,

227 875 271 942 da
288 893 359 960 qua
378 891 416 940 re
436 880 489 938 ost
517 869 606 958 quod
635 866 802 944 dubitem,
830 839 1059 949 antpluribns
1080 863 1236 932 laudatae
1256 863 1409 932 inissent.
1454 865 1525 932 Nea
1553 866 1601 932 de
1624 867 1776 934 Oreste
1804 868 1855 934 illi
1875 873 2053 952 assentior,

230 993 287 1080 qui
307 989 442 1058 titulus:
472 987 668 1068 Orestes,
697 984 746 1051 de
774 982 942 1050 insania
965 983 1031 1048 nisi
1052 1002 1116 1050 nos
1139 983 1181 1051 de
1204 983 1464 1069 Agamemnonis
1485 983 1572 1065 lilio,
1602 1003 1624 1050 u
1652 984 1767 1052 matris
1788 984 1900 1054 Furiis
1928 990 2052 1076 agitato

177 1075 378 1194 ¹aitandem
407 1109 441 1174 in
462 1115 588 1192 septem
610 1101 724 1172 fluviis
743 1103 840 1190 juxta
861 1099 1026 1189 Rhegium
1048 1111 1207 1202 purgato,
1235 1112 1396 1190 quaeest
1416 1100 1582 1168 Varronis
1608 1104 1771 1171 sententia
1792 1103 1934 1173 ilumau.
1956 1103 1999 1178 X.
2023 1131 2055 1196 p.
2163 1110 2170 1116 ’

228 1226 486 1312 summisere
509 1224 624 1310 jubet,
652 1241 722 1292 non
749 1232 826 1306 apte
853 1219 1063 1305 excogitatus
1090 1219 1333 1286 videturesse.
1378 1219 1446 1287 Sed
1468 1217 1568 1311 baec·
1581 1220 1669 1300 etid
1689 1240 1797 1304 genus
1818 1223 1941 1305 multa,
1967 1246 2055 1312 qnae

231 1334 397 1414 scribenti·
409 1343 450 1408 de
472 1341 526 1410 bis
538 1343 641 1408 rebus
661 1340 749 1408 ultro
771 1348 963 1417 occurrunt,
984 1357 1052 1406 non
1073 1347 1153 1404 suut
1165 1335 1269 1424 hujus
1289 1337 1364 1406 loci.
1405 1337 1501 1406 Setis
1515 1339 1638 1404 dictum
1655 1340 1697 1406 de
1710 1338 1806 1406 libris
1821 1321 2055 1427 Logistoricis,

230 1465 264 1530 in
286 1463 407 1548 quibus
429 1471 530 1548 quum
551 1461 697 1526 omnium
718 1459 858 1545 partium
879 1466 948 1522 tum
970 1455 1133 1524 haturahs
1155 1453 1386 1542 philosophiae
1411 1454 1506 1524 locos
1526 1457 1746 1542 gravissimos
1768 1468 1927 1528 tractatos
1947 1447 2073 1531 inisse*
2103 1455 2107 1462 ’

227 1581 436 1667 exploratum
463 1590 533 1662 est,
562 1587 690 1644 ut=auo
706 1577 785 1664 jure
805 1573 839 1641 bi
860 1573 935 1642 libri
956 1573 1066 1642 laudis
1086 1593 1108 1641 a
1129 1571 1292 1642 Gioerono
1312 1573 1457 1640 Varroni
1485 1571 1728 1662 philosophiam
1756 1577 1915 1645 scribenti
1936 1579 2055 1666 imper·

227 1702 307 1766 ritae
329 1669 474 1786 aliquam
495 1697 559 1764 sibi
582 1706 706 1782 partem
728 1695 900 1761 vindicare
920 1691 1107 1760 videantur.

339 1849 353 1859 „
379 1816 522 1884 Restant
542 1813 759 1908 prooemia
780 1811 1107 1898 Antiquitatum.
1150 1808 1332 1876 Exstitisse
1352 1819 1462 1876 autem
1485 1811 1655 1894 prooemia
1675 1813 1919 1901 Antiquitatum
1940 1853 1982 1866 -
2007 1815 2055 1884 la·

229 1936 383 2011 ciendam
405 1933 491 2002 enim
513 1943 566 2000 est
586 1941 664 2018 poet
683 1931 802 1998 borum
823 1931 1000 1996 verborum
1022 1929 1324 2013 interpretationem
1345 1928 1388 1994 ab
1411 1925 1554 1996 Oehlero
1582 1929 1604 1993 l.
1628 1927 1651 1996 i.
1674 1950 1705 2014 p.
1729 1931 1780 1998 74.
1803 1933 1989 2016 proditam,
2016 1945 2055 2002 ut
2089 1937 2097 1962 l

227 2057 338 2120 denuo
354 2052 435 2118 baec
450 2071 504 2118 res
520 2051 762 2117 demonstretur
783 2085 812 2096 -
822 2047 1037 2134 Augustinus
1050 2047 1148 2114 decet
1163 2045 1201 2112 G.
1217 2043 1378 2124 l).1v,e.
1394 2045 1522 2124 dicens,
1537 2047 1687 2132 nmisque
1702 2047 1945 2136 Antiquitatum
1958 2049 2056 2120 libris

232 2171 414 2239 Varronem
437 2168 609 2256 asingulos
629 2167 733 2236 libros
754 2165 980 2252 praemisisse,
1001 2165 1059 2251 qui
1080 2165 1297 2260 communiter
1316 2164 1411 2251 prius
1432 2163 1474 2230 de
1495 2165 1650 2232 omnibus
1670 2165 1914 2254 loquerentur·
1952 2170 2055 2258 Atqui
2087 2211 2090 2216 ·

228 2291 263 2355 in
283 2289 453 2376 prooemio
469 2285 666 2356 Divinarum
687 2304 743 2352 res
764 2281 1013 2370 philosophicas
1032 2281 1152 2364 luisse,
1171 2282 1375 2368 medumque
1390 2301 1438 2350 ex
1458 2281 1574 2352 intima
1595 2282 1806 2372 philosophia
1826 2285 1963 2372 petitas,
1981 2309 2053 2355 cer·

227 2407 366 2474 tissimis
387 2404 584 2473 testimoniis
606 2412 809 2490 compertum
830 2413 892 2470 est.
933 2400 1096 2468 Nolumus
1112 2401 1185 2489 jam
1206 2411 1378 2487 repetere,
1406 2419 1494 2487 qnae
1515 2403 1624 2470 doctis
1644 2413 1678 2470 et
1692 2403 1837 2472 Varroni
1858 2403 2056 2495 perutilibus

229 2527 319 2592 euris
341 2523 493 2592 blerkelii
516 2521 701 2610 Prolegum.
725 2519 823 2587 Ovid.
846 2517 937 2586 Fast.
959 2541 992 2604 p.
1018 2518 1079 2588 lilii
1100 2539 1151 2606 sq.
1173 2517 1341 2604 explicata
1362 2530 1459 2597 sunt,
1487 2539 1528 2586 ea
1555 2531 1682 2588 tantum
1710 2525 1822 2608 parcis
1843 2522 1964 2590 litteris
1984 2543 2056 2610 per·

230 2653 426 2729 sequentes,
457 2659 543 2728 quae
563 2623 849 2722 bleskelius,pro
871 2636 1001 2706 consilii
1022 2637 1076 2706 sui
1098 2636 1246 2714 ratione,
1274 2637 1467 2724 antemisit
1487 2649 1546 2706 aut
1566 2641 1702 2706 brevius
1723 2642 1843 2729 attigit.
1862 2701 1868 2708 .
1887 2641 2058 2710 Disseruit

231 2773 340 2830 nutem
367 2760 475 2826 Varro
502 2758 568 2826 hoc
595 2757 681 2824 libro
710 2757 751 2822 de
780 2756 887 2822 tribus
914 2753 983 2822 illis
1003 2753 1191 2842 theologiae
1211 2755 1408 2840 generibus,
1438 2755 1603 2836 naturali,
1631 2757 1803 2841 sabuloso,
1832 2759 1933 2827 civili.
1977 2759 2055 2828 Vid.

228 2884 370 2964 August.
401 2877 439 2946 D.
468 2877 512 2946 D.
541 2876 597 2942 lib.
628 2874 684 2941 Vl.
715 2873 855 2942 Tertull.
884 2874 927 2940 ad
956 2873 1045 2940 Nati.
1070 2872 1127 2942 lib.
1151 2872 1190 2939 ll.
1233 2872 1397 2944 Boethius
1425 2874 1467 2942 'de
1495 2875 1560 2940 dlis
1587 2886 1622 2942 et
1648 2876 1814 2962 praesens.
1843 2859 1875 2964 p.
1892 2878 1969 2947 399.
2013 2879 2055 2948 oi.

78 3045 83 3052 -
224 2997 435 3064 Schoemann
457 2994 499 3062 de
520 2994 585 3060 diis
607 2991 763 3060 Manibus
784 3002 847 3062 oet.
870 3011 901 3076 p.
922 2993 955 3060 4.
979 2989 1152 3060 Francken
1180 2989 1378 3077 Fragmenta
1408 2991 1504 3058 Varr.
1532 3003 1595 3060 cet.
1624 2991 1798 3081 (Lugduni
1813 3031 1826 3046 ·
1841 2995 1917 3064 Bet.
1941 2995 2054 3084 1837.)

220 3089 251 3201 p.
273 3117 325 3184 to.
349 3126 383 3180 et
404 3132 497 3200 qnos·
510 3112 574 3198 ipsi
596 3111 816 3177 excitavimus
838 3109 1020 3177 manens
1043 3109 1087 3176 da
1109 3107 1207 3176 Varr.
1231 3131 1260 3194 p.
1282 3112 1314 3178 4.
1349 3107 1515 3200 cletiam
1535 3110 1686 3180 [lactant.
1710 3112 1752 3178 de
1779 3112 1840 3179 lre.
1864 3133 1894 3182 c.
1918 3115 1968 3182 11.
1996 3089 2076 3184 lla.¹

226 3233 269 3303 lit
290 3253 391 3319 quum
413 3232 455 3296 de
484 3228 626 3297 naturali
654 3225 833 3312 theologie,
864 3227 963 3314 cujus
991 3245 1154 3294 summam
1182 3227 1318 3296 brevem
1337 3227 1556 3313 Augustinus
1578 3229 1615 3297 G.
1639 3229 1682 3297 D.
1707 3230 1782 3312 Vll,
1803 3232 1835 3300 h.
1859 3234 1991 3318 posuit,
2020 3235 2056 3300 in

229 3352 335 3436 primo
356 3348 441 3415 libro
464 3346 753 3432 »paucissima
775 3344 1067 3433 praeloqueretur·
1091 3345 1234 3432 August.
1254 3345 1293 3413 G.
1308 3343 1350 3412 D.
1369 3345 1441 3426 Vll,
1457 3347 1489 3426 h,
1513 3347 1555 3414 de
1575 3349 1686 3436 ammi
1699 3349 1945 3418 immortalitate
1966 3349 2056 3437 pla·

229 3468 408 3536 nissime
429 3463 597 3542 tractavit,
619 3462 739 3534 Servio
762 3475 859 3542 teste,
881 3464 980 3552 euJue
1001 3464 1104 3532 rerba
1126 3464 1210 3532 Aen.
1234 3463 1291 3544 vt,
1314 3463 1387 3530 ⁷⁰3.
1410 3461 1493 3530 haec
1513 3475 1609 3532 sunta
1639 3495 1708 3530 a-
1728 3467 1764 3534 in
1785 3487 1851 3555 quo
1873 3470 2056 3538 humalde

230 3585 381 3654 Platonis
409 3583 563 3672 dogmate
569 3627 583 3662 ,
610 3582 700 3669 quod
727 3583 762 3648 in
792 3577 971 3648 Phaedone
998 3581 1143 3666 positum
1170 3593 1223 3648 est
1251 3585 1327 3666 napi
1350 3582 1459 3669 ψυκῆς
1488 3617 1527 3632 ·-
1554 3582 1596 3649 de
1616 3602 1684 3668 qua
1703 3603 1741 3651 re
1762 3585 1860 3652 etiarn
1883 3585 1994 3654 Varro
2021 3590 2058 3656 in

229 3705 336 3789 primo
358 3703 555 3770 Divinarum
578 3700 771 3788 plenissime
798 3700 962 3768 tractavit.
1008 3698 1080 3768 llos
1100 3708 1211 3768 autem
1233 3699 1381 3790 eontinet
1403 3720 1470 3757 -ι
1497 3697 1551 3766 ΙΙιι
1580 3699 1702 3786 quibus
1728 3721 1798 3770 non
1818 3701 1960 3774 debebat
1979 3703 2058 3774 bae-

230 3841 305 3888 rere
326 3818 511 3896 Merkelius
531 3818 554 3886 l.
576 3819 598 3885 l.
622 3841 653 3904 p.
678 3819 749 3886 lte.
770 3817 966 3903 praesertim
996 3835 1098 3904 quum
1126 3836 1196 3902 qno
1217 3817 1428 3903 cognationis
1449 3816 1584 3888 vinonio
1605 3776 1863 3908 haec‘quaesato
1886 3843 1962 3891 cum
1982 3825 2058 3912 ipsa

161 3931 167 3936 ’
230 3937 374 4008 natarali
397 3935 562 4020 theologia
580 3937 761 4025 conjuncta
781 3933 882 4004 inerit
902 3935 976 4020 ipse
997 3933 1209 4021 Augustinus
1229 3934 1264 4002 ll.
1286 3933 1321 4000 ll.
1344 3936 1552 4021 apertissime
1580 3936 1708 4004 doceat.
1753 3937 1852 4015 Quod
1882 3953 1990 4010 autern
2021 3946 2055 4009 in

230 4058 393 4146 principio
421 4065 557 4132 nostrae
586 4041 821 4140 disputationis
848 4027 1042 4139 posuimus,¹
1072 4051 1302 4124 Varronianae
1329 4051 1560 4142 philosophiae
1589 4053 1764 4123 consilinm
1792 4061 1893 4144 aldae
1911 4059 2054 4128 indolem

230 4197 304 4246 earn
332 4173 459 4251 fuisse,
491 4183 529 4238 nt
556 4170 665 4238 Varro
697 4173 918 4257 undecunque
949 4170 1106 4239 admissis
1138 4169 1341 4240 naturalium
1371 4191 1482 4242 rerum
1514 4173 1843 4258 interpretationibus
1875 4177 2055 4246 reconditis
2153 4248 2161 4254 ,

231 4295 378 4367 Stoicam
407 4288 652 4378 philosophiam
680 4288 916 4376 amplificaret,
944 4289 1019 4376 ejas
1046 4287 1096 4356 rei
1123 4287 1299 4356 manifesto
1321 4309 1408 4377 qnae
1435 4311 1457 4356 a
1484 4288 1637 4361 Varrone
1666 4292 1708 4362 da
1735 4292 1835 4360 animi
1863 4293 2054 4362 immortali·

232 4423 300 4478 tate
327 4412 479 4480 instituta
505 4420 558 4478 est
587 4407 739 4496 quaestio
769 4408 966 4474 documento
995 4417 1055 4478 est.
1098 4406 1183 4474 Nam
1211 4427 1313 4493 quum
1339 4407 1373 4474 in
1401 4407 1466 4476 hec
1492 4429 1596 4478 cause
1623 4410 1730 4478 Stoici
1757 4410 1823 4493 ipsi
1852 4427 1967 4495 parum
1989 4413 2055 4480 sibi

232 4539 422 4596 constarent
441 4529 524 4612 (vid.
547 4526 685 4614 Lipsius
707 4523 855 4612 Physiol.
878 4525 928 4594 St.
954 4523 1009 4604 lll,
1032 4526 1100 4610 ll.)
1123 4523 1248 4606 Varro,
1271 4525 1386 4612 patriis
1407 4527 1516 4596 saeris
1536 4527 1699 4606 imbutus,
1723 4524 1872 4593 Platonis
1900 4527 2055 4607 (Servius

230 4648 254 4714 l.
275 4647 297 4714 l.
319 4665 352 4710 v.
376 4643 449 4713 7³3.
470 4645 546 4712 coll.
567 4623 746 4734 Augustini.
769 4641 808 4711 D.
830 4641 872 4710 D.
897 4642 968 4725 llll,
990 4643 1072 4726 78),
1094 4643 1318 4730 Empedoclis,
1340 4645 1499 4731 (Servius
1518 4643 1540 4711 l.
1563 4644 1585 4710 i.
1607 4661 1640 4710 v.
1656 4643 1729 4712 tlt.
1755 4643 1797 4712 de
1818 4665 1885 4732 quo
1905 4645 2054 4720 locavi·

168 4761 172 4768 ’
232 4765 363 4834 dendus
384 4761 445 4830 Th.
470 4761 634 4847 Bergkias
654 4765 690 4830 in
713 4762 967 4830 Zimmermenni
995 4762 1084 4828 Ann.
1112 4759 1215 4830 schol.
1247 4764 1348 4844 1837,
1377 4761 1417 4828 Ν.
1440 4763 1492 4830 liii.
1522 4759 1598 4832 coll.
1620 4758 1717 4828 Serv.
1741 4760 1865 4849 Georg.
1888 4763 1914 4846 l,
1936 4763 1989 4838 34.
2013 4768 2056 4836 da

233 4902 300 4971 qno
328 4881 404 4948 loco
432 4880 653 4948 scientissime
679 4892 717 4948 ut
743 4879 828 4950 solet
855 4879 942 4948 idern
969 4879 1138 4968 Bergkins
1165 4889 1407 4949 commentatus
1421 4889 1487 4946 est
1514 4879 1556 4946 de
1576 4877 1720 4964 napea
1743 4901 1775 4965 p.
1796 4880 1887 4967 dh),
1916 4884 2087 4954 aliorum*

235 5000 417 5089 docuinam
445 4999 542 5086 quasi
571 4999 735 5084 quendam
767 4999 995 5070 accessionem
1027 4998 1070 5070 ad
1101 4998 1291 5072 Stoicorum
1322 4996 1443 5084 placita
1473 4997 1636 5084 adiunxit
1689 4995 1794 5087 ldque
1824 4999 1946 5072 ledaea
1978 5021 2055 5072 eum
